@inproceedings{Bianchini:2011:SWA:2076623.2076650,
 author = {Bianchini, Devis and De Antonellis, Valeria and Melchiori, Michele},
 title = {{Semantics-enabled web APIs selection patterns}},
 booktitle = {Proceedings of the 15th Symposium on International Database Engineering \&\#38; Applications},
 series = {IDEAS '11},
 year = {2011},
 isbn = {978-1-4503-0627-0},
 location = {Lisboa, Portugal},
 pages = {204--208},
 numpages = {5},
 url = {http://doi.acm.org/10.1145/2076623.2076650},
 doi = {10.1145/2076623.2076650},
 acmid = {2076650},
 publisher = {ACM},
 address = {New York, NY, USA},
} 

@inproceedings{FLO67,
  author = {R. W. Floyd},
  title = {{Assigning Meaning to Programs}},
  booktitle = {Proceedings of the Symposium on Applied Maths},
  publisher = {AMS},
  year = {1967},
  volume = {19},
  pages = {19--32}
}

@article{Hoare:1969:ABC:363235.363259,
 author = {Hoare, C. A. R.},
 title = {An axiomatic basis for computer programming},
 journal = {Commun. ACM},
 issue_date = {Oct. 1969},
 volume = {12},
 number = {10},
 month = oct,
 year = {1969},
 issn = {0001-0782},
 pages = {576--580},
 numpages = {5},
 url = {http://doi.acm.org/10.1145/363235.363259},
 doi = {10.1145/363235.363259},
 acmid = {363259},
 publisher = {ACM},
 address = {New York, NY, USA},
 keywords = {axiomatic method, formal language definition, machine-independent programming, program documentation, programming language design, theory of programming' proofs of programs},
} 

@article{HW:1973,
year={1973},
issn={0001-5903},
journal={Acta Informatica},
volume={2},
number={4},
doi={10.1007/BF00289504},
title={{An axiomatic definition of the programming language PASCAL}},
url={http://dx.doi.org/10.1007/BF00289504},
publisher={Springer-Verlag},
author={Hoare, C.A.R. and Wirth, N.},
pages={335-355},
language={English}
}

@article{fikes2001axiomatic,
  title={{An axiomatic semantics for RDF, RDF-S, and DAML+ OIL}},
  author={Fikes, Richard and McGuinness, Deborah},
  journal={Manuscript},
  year={2001}
}

@inproceedings{Gegg-Harrison:2003:SPC:961511.961548,
 author = {Gegg-Harrison, Timothy S. and Bunce, Gary R. and Ganetzky, Rebecca D. and Olson, Christina M. and Wilson, Joshua D.},
 title = {Studying program correctness by constructing contracts},
 booktitle = {Proceedings of the 8th annual conference on Innovation and technology in computer science education},
 series = {ITiCSE '03},
 year = {2003},
 isbn = {1-58113-672-2},
 location = {Thessaloniki, Greece},
 pages = {129--133},
 numpages = {5},
 url = {http://doi.acm.org/10.1145/961511.961548},
 doi = {10.1145/961511.961548},
 acmid = {961548},
 publisher = {ACM},
 address = {New York, NY, USA},
 keywords = {Java, axiomatic semantics, design by contract},
} 

@book{black1998axiomatic,
  title={{Axiomatic Semantics Verification of a Secure Web Server}},
  author={Black, P.E.},
  url={http://books.google.com/books?id=lrM7HQAACAAJ},
  year={1998},
  publisher={Brigham Young University. Department of Computer Science}
}

@misc{Leavens06designby,
    author = {Gary T. Leavens and Yoonsik Cheon},
    title = {{Design by Contract with JML}},
    year = {2006}
}

@book{Barnes:2003:HIS:829555,
 author = {Barnes, John},
 title = {{High Integrity Software: The SPARK Approach to Safety and Security}},
 year = {2003},
 isbn = {0321136160},
 publisher = {Addison-Wesley Longman Publishing Co., Inc.},
 address = {Boston, MA, USA},
} 

@inproceedings{Barnett:2004:SPS:2131546.2131549,
 author = {Barnett, Mike and Leino, K. Rustan M. and Schulte, Wolfram},
 title = {{The Spec\# programming system: an overview}},
 booktitle = {Proceedings of the 2004 international conference on Construction and Analysis of Safe, Secure, and Interoperable Smart Devices},
 series = {CASSIS'04},
 year = {2005},
 isbn = {3-540-24287-2, 978-3-540-24287-1},
 location = {Marseille, France},
 pages = {49--69},
 numpages = {21},
 acmid = {2131549},
 publisher = {Springer-Verlag},
 address = {Berlin, Heidelberg},
}

@INPROCEEDINGS{738528, 
author={Baxter, I.D. and Yahin, A. and Moura, L. and Sant'Anna, M. and Bier, L.}, 
booktitle={Software Maintenance, 1998. Proceedings., International Conference on}, 
title={Clone detection using abstract syntax trees}, 
year={1998}, 
pages={368-377}, 
keywords={C language;program compilers;program diagnostics;reverse engineering;software maintenance;trees (mathematics);C production software system;abstract syntax trees;arbitrary program fragments;clone detection;clone removal;common sub expressions;commutative operands;compiler method;detected clones;domain concepts;duplicate code;equivalent statement sequences;exact tree matches;in-lined procedures;large scale computer programs;lexems;macro bodies;macro invocations;mechanical methods;near miss clones;nearly exact matches;program source code;program structure;reverse engineering;software maintenance costs;standard preprocessor macros;structured code;Cloning;Costs;Encapsulation;Large-scale systems;Production systems;Programming profession;Software engineering;Software maintenance;Software systems;World Wide Web}, 
doi={10.1109/ICSM.1998.738528}, 
ISSN={1063-6773},
}

@INPROCEEDINGS{5705174, 
author={Baojiang Cui and Jiansong Li and Tao Guo and Jianxin Wang and Ding Ma}, 
booktitle={Broadband Network and Multimedia Technology (IC-BNMT), 2010 3rd IEEE International Conference on}, 
title={{Code Comparison System based on Abstract Syntax Tree}}, 
year={2010}, 
pages={668-673}, 
keywords={computational linguistics;copyright;program compilers;program diagnostics;tree data structures;CCS;abstract syntax tree;code comparison system;copyright;plagiarism detection;software evaluation;source code;Syntactics;CCS;Hash value;code comparison;code plagiarism;syntax tree}, 
doi={10.1109/ICBNMT.2010.5705174},
}

@INPROCEEDINGS{4656419, 
author={Hashimoto, M. and Mori, A.}, 
booktitle={Reverse Engineering, 2008. WCRE '08. 15th Working Conference on}, 
title={{Diff/TS: A Tool for Fine-Grained Structural Change Analysis}}, 
year={2008}, 
pages={279-288}, 
keywords={configuration management;data flow graphs;invasive software;pattern classification;program diagnostics;program visualisation;software maintenance;text editing;tree data structures;C project;C++ project;Diff/TS tool;Java project;Python project;control flow graph;fine-grained structural change analysis;large-scale software project;open source software project;phylogenetic malware classification;program edit operation;program revision;program visualization;programming language;software archaeology;source code tree structural analysis;Algorithm design and analysis;Automatic control;Classification tree analysis;Computer languages;Heuristic algorithms;Java;Large-scale systems;Open source software;Software algorithms;Visualization}, 
doi={10.1109/WCRE.2008.44}, 
ISSN={1095-1350},
}

@inproceedings{Neamtiu:2005:USC:1083142.1083143,
 author = {Neamtiu, Iulian and Foster, Jeffrey S. and Hicks, Michael},
 title = {Understanding source code evolution using abstract syntax tree matching},
 booktitle = {Proceedings of the 2005 international workshop on Mining software repositories},
 series = {MSR '05},
 year = {2005},
 isbn = {1-59593-123-6},
 location = {St. Louis, Missouri},
 pages = {1--5},
 numpages = {5},
 url = {http://doi.acm.org/10.1145/1082983.1083143},
 doi = {10.1145/1082983.1083143},
 acmid = {1083143},
 publisher = {ACM},
 address = {New York, NY, USA},
 keywords = {abstract syntax trees, software evolution, source code analysis},
}

@INPROCEEDINGS{1314722, 
author={Salaun, G. and Bordeaux, L. and Schaerf, M.}, 
booktitle={Web Services, 2004. Proceedings. IEEE International Conference on}, 
title={Describing and reasoning on Web services using process algebra}, 
year={2004}, 
pages={43-50}, 
keywords={Internet;formal specification;process algebra;reasoning about programs;BPEL;Web service choreography;Web service description;Web service development reliability;Web service interaction;Web service reasoning;behaviour description;execution languages;message exchange;process algebra;process description languages;reverse engineering;Algebra;Application software;Internet;Proposals;Remuneration;Reverse engineering;Skeleton;Software engineering;System recovery;Web services}, 
doi={10.1109/ICWS.2004.1314722},
}

@inproceedings{Shen:2005:WSD:1097874.1098375,
 author = {Shen, Zhongnan and Su, Jianwen},
 title = {Web Service Discovery Based on Behavior Signatures},
 booktitle = {Proceedings of the 2005 IEEE International Conference on Services Computing - Volume 01},
 series = {SCC '05},
 year = {2005},
 isbn = {0-7695-2408-7-01},
 pages = {279--286},
 numpages = {8},
 url = {http://dx.doi.org/10.1109/SCC.2005.107},
 doi = {10.1109/SCC.2005.107},
 acmid = {1098375},
 publisher = {IEEE Computer Society},
 address = {Washington, DC, USA},
}

@article{Halle:2010:RVW:1749398.1749435,
 author = {Hall{\'e}, Sylvain and Bultan, Tevfik and Hughes, Graham and Alkhalaf, Muath and Villemaire, Roger},
 title = {Runtime Verification of Web Service Interface Contracts},
 journal = {Computer},
 issue_date = {March 2010},
 volume = {43},
 number = {3},
 month = mar,
 year = {2010},
 issn = {0018-9162},
 pages = {59--66},
 numpages = {8},
 url = {http://dx.doi.org/10.1109/MC.2010.76},
 doi = {10.1109/MC.2010.76},
 acmid = {1749435},
 publisher = {IEEE Computer Society Press},
 address = {Los Alamitos, CA, USA},
 keywords = {Information storage and retrieval, Software engineering, Testing and debugging, Testing and debugging, Software engineering, Web-based services, Information storage and retrieval, Web-based services},
}

@inproceedings{Dan:2008:SSR:1370916.1370923,
 author = {Dan, Asit and Johnson, Robert D. and Carrato, Tony},
 title = {{SOA service reuse by design}},
 booktitle = {Proceedings of the 2nd international workshop on Systems development in SOA environments},
 series = {SDSOA '08},
 year = {2008},
 isbn = {978-1-60558-029-6},
 location = {Leipzig, Germany},
 pages = {25--28},
 numpages = {4},
 url = {http://doi.acm.org/10.1145/1370916.1370923},
 doi = {10.1145/1370916.1370923},
 acmid = {1370923},
 publisher = {ACM},
 address = {New York, NY, USA},
 keywords = {business glossary, service enhancement, service level agreement, service monitoring and management, service registry, service reuse, soa governance},
}

@INPROCEEDINGS{4755647, 
author={Haines, M.N. and Haseman, W.}, 
booktitle={System Sciences, 2009. HICSS '09. 42nd Hawaii International Conference on}, 
title={{Service-Oriented Architecture Adoption Patterns}}, 
year={2009}, 
pages={1-9}, 
keywords={electronic commerce;software architecture;CIO;business;enterprise architects;service-oriented architecture adoption patterns;Application software;Computer architecture;Semiconductor optical amplifiers;Service oriented architecture;Simple object access protocol;Standardization;Standards development;Technological innovation;Web services;XML}, 
doi={10.1109/HICSS.2009.388}, 
ISSN={1530-1605},}

@article{An2008383,
title = "Methodology for Web Services Adoption Based on Technology Adoption Theory and Business Process Analyses",
journal = "Tsinghua Science \& Technology ",
volume = "13",
number = "3",
pages = "383 - 389",
year = "2008",
note = "",
issn = "1007-0214",
doi = "http://dx.doi.org/10.1016/S1007-0214(08)70061-0",
url = "http://www.sciencedirect.com/science/article/pii/S1007021408700610",
author = "Liping An and Jianyuan Yan and Lingyun Tong",
keywords = "web services",
keywords = "technology adoption",
keywords = "business process",
keywords = "enterprise application integration "
}

@INPROCEEDINGS{1314996, 
author={Haines, M.N.}, 
booktitle={Web Services, 2004. Proceedings. IEEE International Conference on}, 
title={Web services as information systems innovation: a theoretical framework for Web service technology adoption}, 
year={2004}, 
pages={11-16}, 
keywords={Internet;information systems;information technology;IS innovation theory;Web service technology adoption;Web services;information system innovation;Distributed computing;Information management;Information systems;Information technology;Management information systems;Service oriented architecture;Simple object access protocol;Technological innovation;Technology management;Web services}, 
doi={10.1109/ICWS.2004.1314996},}

@misc{hl:ec2,
  title = {{Release Notes: Amazon Web Services}},
  howpublished = "\url{http://aws.amazon.com/releasenotes/Amazon-EC2}",
  year = {2013},
  note = "[Online; accessed 02-September-2013]",
  key = "Release Notes: Amazon Web Services"
}

@misc{hl:twitter,
  title = {{Twitter API v1 Retirement: Final Dates}},
  howpublished = "\url{https://dev.twitter.com/blog/api-v1-retirement-final-dates}",
  year = {2013},
  note = "[Online; accessed 02-September-2013]",
  key = "Twitter API v1 Retirement: Final Dates"
}

@misc{hl:ebay,
  title = {{eBay Trading Web Services: Release Notes}},
  howpublished = "\url{http://developer.ebay.com/DevZone/XML/docs/ReleaseNotes.html}",
  year = {2013},
  note = "[Online; accessed 02-September-2013]",
  key = "eBay Trading Web Services: Release Notes"
}

@misc{hl:aws,
  title = {{Product Advertising API}},
  howpublished = "\url{https://affiliate-program.amazon.com/gp/advertising/api/detail/agreement-changes.html}",
  year = {2013},
  note = "[Online; accessed 02-September-2013]",
  key = "Product Advertising API"
}

@inproceedings{Pelleg:2000:XEK:645529.657808,
 author = {Pelleg, Dan and Moore, Andrew W.},
 title = {{X-means: Extending K-means with Efficient Estimation of the Number of Clusters}},
 booktitle = {Proceedings of the Seventeenth International Conference on Machine Learning},
 series = {ICML '00},
 year = {2000},
 isbn = {1-55860-707-2},
 pages = {727--734},
 numpages = {8},
 url = {http://dl.acm.org/citation.cfm?id=645529.657808},
 acmid = {657808},
 publisher = {Morgan Kaufmann Publishers Inc.},
 address = {San Francisco, CA, USA},
}

@INPROCEEDINGS{6009479, 
author={Torres, R. and Tapia, B. and Astudillo, H.}, 
booktitle={Web Services (ICWS), 2011 IEEE International Conference on}, 
title={{Improving Web API Discovery by Leveraging Social Information}}, 
year={2011}, 
pages={744-745}, 
keywords={Web services;application program interfaces;social networking (online);Web API dscovery;leveraging social information;mashup developers;Collaboration;Communities;Google;Humans;Mashups;Proposals;Collaboration network;Mashup;Web API}, 
doi={10.1109/ICWS.2011.96},}

@ARTICLE{1260701, 
author={Klein, M. and Bernstein, A.}, 
journal={Internet Computing, IEEE}, 
title={Toward high-precision service retrieval}, 
year={2004}, 
volume={8}, 
number={1}, 
pages={30-36}, 
keywords={Internet;data warehouses;information retrieval;pattern matching;query languages;high-precision service retrieval;online repositories;pattern-matching algorithm;process-based queries;service semantics;Keyword search;Loans and mortgages;Search engines;Software performance;Software tools}, 
doi={10.1109/MIC.2004.1260701}, 
ISSN={1089-7801},}

@inproceedings{Reynolds:2002:SLL:645683.664578,
 author = {Reynolds, John C.},
 title = {{Separation Logic: A Logic for Shared Mutable Data Structures}},
 booktitle = {Proceedings of the 17th Annual IEEE Symposium on Logic in Computer Science},
 series = {LICS '02},
 year = {2002},
 isbn = {0-7695-1483-9},
 pages = {55--74},
 numpages = {20},
 url = {http://dl.acm.org/citation.cfm?id=645683.664578},
 acmid = {664578},
 publisher = {IEEE Computer Society},
 address = {Washington, DC, USA},
}

@article{Naumann00calculatingsharp,
    author = {David A. Naumann},
    title = {{Calculating Sharp Adaptation Rules}},
    journal = {Information Processing Letters},
    year = {2000},
    volume = {77},
    pages = {2001}
}

@article{Olderog1983337,
title = "On the notion of expressiveness and the rule of adaptation ",
journal = "Theoretical Computer Science ",
volume = "24",
number = "3",
pages = "337 - 347",
year = "1983",
note = "",
issn = "0304-3975",
doi = "http://dx.doi.org/10.1016/0304-3975(83)90009-9",
url = "http://www.sciencedirect.com/science/article/pii/0304397583900099",
author = "Ernst-Rüdiger Olderog"
}
@inproceedings{eucalyptus09,
  title={{The Eucalyptus open-source cloud-computing system}},
  author={Nurmi, Daniel and Wolski, Richard and Grzegorczyk, Chris and
Obertelli, Graziano and Soman, Sunil and Youseff, Lamia and Zagorodnov,
Dmitrii},
  booktitle={Cluster Computing and the Grid, 2009. CCGRID'09. 9th IEEE/ACM
International Symposium on},
  pages={124--131},
  year={2009},
  organization={IEEE}
}

@article{Hatcliff:2012:BIS:2187671.2187678,
 author = {Hatcliff, John and Leavens, Gary T. and Leino, K. Rustan M. and M\"{u}ller, Peter and Parkinson, Matthew},
 title = {Behavioral interface specification languages},
 journal = {ACM Comput. Surv.},
 issue_date = {June 2012},
 volume = {44},
 number = {3},
 month = jun,
 year = {2012},
 issn = {0360-0300},
 pages = {16:1--16:58},
 articleno = {16},
 numpages = {58},
 url = {http://doi.acm.org/10.1145/2187671.2187678},
 doi = {10.1145/2187671.2187678},
 acmid = {2187678},
 publisher = {ACM},
 address = {New York, NY, USA},
 keywords = {Abstraction, JML, SPARK, Spec\#, assertion, behavioral subtyping, frame conditions, interface specification language, invariant, postcondition, precondition, separation logic},
}

@article{dice1945,
     jstor_articletype = {research-article},
     title = {Measures of the Amount of Ecologic Association Between Species},
     author = {Dice, Lee R.},
     journal = {Ecology},
     jstor_issuetitle = {},
     volume = {26},
     number = {3},
     jstor_formatteddate = {Jul., 1945},
     pages = {pp. 297-302},
     url = {http://www.jstor.org/stable/1932409},
     ISSN = {00129658},
     abstract = {},
     language = {English},
     year = {1945},
     publisher = {Ecological Society of America},
     copyright = {Copyright © 1945 Ecological Society of America},
}

@ARTICLE{4376229, 
author={Kopecky, J. and Vitvar, T. and Bournez, C. and Farrell, J.}, 
journal={Internet Computing, IEEE}, 
title={{SAWSDL: Semantic Annotations for WSDL and XML Schema}}, 
year={2007}, 
volume={11}, 
number={6}, 
pages={60-67}, 
keywords={Web services;XML;open systems;semantic Web;software architecture;Web service description language 2.0;World Wide Web consortium;XML schema;distributed application;interoperability;semantic annotation;service reuse;service-oriented architecture;Automation;Mediation;Ontologies;Semantic Web;Service oriented architecture;Simple object access protocol;Solids;Web services;Web sites;XML;SAWSDL;Semantic Web;WSDL;Web services;semantic annotation;standards}, 
doi={10.1109/MIC.2007.134}, 
ISSN={1089-7801},}

@inproceedings{Verborgh:2012:FDB:2307819.2307828,
 author = {Verborgh, Ruben and Steiner, Thomas and Van Deursen, Davy and Coppens, Sam and Vall{\'e}s, Joaquim Gabarr\'{o} and Van de Walle, Rik},
 title = {{Functional descriptions as the bridge between hypermedia APIs and the Semantic Web}},
 booktitle = {Proceedings of the Third International Workshop on RESTful Design},
 series = {WS-REST '12},
 year = {2012},
 isbn = {978-1-4503-1190-8},
 location = {Lyon, france},
 pages = {33--40},
 numpages = {8},
 url = {http://doi.acm.org/10.1145/2307819.2307828},
 doi = {10.1145/2307819.2307828},
 acmid = {2307828},
 publisher = {ACM},
 address = {New York, NY, USA},
 keywords = {api descriptions, hypermedia, rest, semantic web, service descriptions, web apis, web services},
}

@inproceedings{Mokarizadeh:2011:ESS:2052138.2052380,
 author = {Mokarizadeh, Shahab and Kungas, Peep and Matskin, Mihhail},
 title = {Evaluation of a Semi-automated Semantic Annotation Approach for Bootstrapping the Analysis of Large-Scale Web Service Networks},
 booktitle = {Proceedings of the 2011 IEEE/WIC/ACM International Conferences on Web Intelligence and Intelligent Agent Technology - Volume 01},
 series = {WI-IAT '11},
 year = {2011},
 isbn = {978-0-7695-4513-4},
 pages = {388--395},
 numpages = {8},
 url = {http://dx.doi.org/10.1109/WI-IAT.2011.237},
 doi = {10.1109/WI-IAT.2011.237},
 acmid = {2052380},
 publisher = {IEEE Computer Society},
 address = {Washington, DC, USA},
 keywords = {Web service annotation, Web service network, WSDL, XSD},
}

@inproceedings{Hu:2013:ASW:2514949.2515764,
 author = {Hu, Xiaocao and Feng, Zhiyong and Chen, Shizhan},
 title = {Augmenting Semantics of Web Services Based on Public Open Ontology},
 booktitle = {Proceedings of the 2013 IEEE International Conference on Services Computing},
 series = {SCC '13},
 year = {2013},
 isbn = {978-0-7695-5026-8},
 pages = {304--311},
 numpages = {8},
 url = {http://dx.doi.org/10.1109/SCC.2013.96},
 doi = {10.1109/SCC.2013.96},
 acmid = {2515764},
 publisher = {IEEE Computer Society},
 address = {Washington, DC, USA},
 keywords = {Semantic Web Services, WSDL, Public Open Ontology, Semantic Annotation, Evaluation of Semantic Annotation, OpenCyc},
}

@inproceedings{Mokarizadeh:2013:OAW:2480362.2480430,
 author = {Mokarizadeh, Shahab and K\"{u}ngas, Peep and Matskin, Mihhail},
 title = {Ontology acquisition from web service descriptions},
 booktitle = {Proceedings of the 28th Annual ACM Symposium on Applied Computing},
 series = {SAC '13},
 year = {2013},
 isbn = {978-1-4503-1656-9},
 location = {Coimbra, Portugal},
 pages = {325--332},
 numpages = {8},
 url = {http://doi.acm.org/10.1145/2480362.2480430},
 doi = {10.1145/2480362.2480430},
 acmid = {2480430},
 publisher = {ACM},
 address = {New York, NY, USA},
 keywords = {WSDL, clustering, ontology learning, web services},
}

@INPROCEEDINGS{6035578, 
author={Ling-li Xie and Fu-zan Chen and Ji-Song Kou}, 
booktitle={Industrial Engineering and Engineering Management (IE EM), 2011 IEEE 18Th International Conference on}, 
title={Ontology-based semantic web services clustering}, 
year={2011}, 
volume={Part 3}, 
pages={2075-2079}, 
keywords={Web services;knowledge representation languages;ontologies (artificial intelligence);pattern clustering;semantic Web;OWL-S language;Web service architecture;Web service discovery;concept semantic similarity;domain ontology hierarchy;ontology-based semantic Web services clustering;Algorithm design and analysis;Clustering algorithms;Ontologies;Process control;Semantic Web;Semantics;Web services;Ontology;Web service;Web service clustering;Web service similarity}, 
doi={10.1109/ICIEEM.2011.6035578},}

@INPROCEEDINGS{6321707, 
author={Gehao Lu and Tengfei Wang and Guojin Zhang and Shijin Li}, 
booktitle={World Automation Congress (WAC), 2012}, 
title={Semantic web services discovery based on domain ontology}, 
year={2012}, 
pages={1-4}, 
keywords={Semantic Web;Web services;domain ontology}, 
ISSN={2154-4824},}

@inproceedings{Lathem:2007:SMA:1304608.1306372,
 author = {Lathem, Jon and Gomadam, Karthik and Sheth, Amit P.},
 title = {{SA-REST and (S)mashups: Adding Semantics to RESTful Services}},
 booktitle = {Proceedings of the International Conference on Semantic Computing},
 series = {ICSC '07},
 year = {2007},
 isbn = {0-7695-2997-6},
 pages = {469--476},
 numpages = {8},
 url = {http://dx.doi.org/10.1109/ICSC.2007.79},
 doi = {10.1109/ICSC.2007.79},
 acmid = {1306372},
 publisher = {IEEE Computer Society},
 address = {Washington, DC, USA},
}

@inproceedings{Anyanwu:2005:SRC:1060745.1060766,
 author = {Anyanwu, Kemafor and Maduko, Angela and Sheth, Amit},
 title = {{SemRank: ranking complex relationship search results on the semantic web}},
 booktitle = {Proceedings of the 14th international conference on World Wide Web},
 series = {WWW '05},
 year = {2005},
 isbn = {1-59593-046-9},
 location = {Chiba, Japan},
 pages = {117--127},
 numpages = {11},
 url = {http://doi.acm.org/10.1145/1060745.1060766},
 doi = {10.1145/1060745.1060766},
 acmid = {1060766},
 publisher = {ACM},
 address = {New York, NY, USA},
 keywords = {SemRank, discovery query, path expression tree, ranking complex relationships, semantic Web, semantic associations search, semantic match, semantic ranking, semantic relationship search, semantic similarity, semantic summary},
}

@article{Arenas:2013:QSD:2430456.2430458,
 author = {Arenas, Marcelo and Gutierrez, Claudio and Miranker, Daniel P. and P{\'e}rez, Jorge and Sequeda, Juan F.},
 title = {Querying Semantic Data on the Web?},
 journal = {SIGMOD Rec.},
 issue_date = {December 2012},
 volume = {41},
 number = {4},
 month = jan,
 year = {2013},
 issn = {0163-5808},
 pages = {6--17},
 numpages = {12},
 url = {http://doi.acm.org/10.1145/2430456.2430458},
 doi = {10.1145/2430456.2430458},
 acmid = {2430458},
 publisher = {ACM},
 address = {New York, NY, USA},
} 

@inproceedings{Rocha:2004:HAS:988672.988723,
 author = {Rocha, Cristiano and Schwabe, Daniel and Aragao, Marcus Poggi},
 title = {A hybrid approach for searching in the semantic web},
 booktitle = {Proceedings of the 13th international conference on World Wide Web},
 series = {WWW '04},
 year = {2004},
 isbn = {1-58113-844-X},
 location = {New York, NY, USA},
 pages = {374--383},
 numpages = {10},
 url = {http://doi.acm.org/10.1145/988672.988723},
 doi = {10.1145/988672.988723},
 acmid = {988723},
 publisher = {ACM},
 address = {New York, NY, USA},
 keywords = {network analysis, ontologies, semantic associations, semantic search, semantic web, spread activation algorithms},
}

@inproceedings{Pinheiro:2010:QPT:1967486.1967532,
 author = {Pinheiro, Jo\~{a}o C. and Vidal, V\^{a}nia M. P. and Mac\^{e}do, Jos{\'e} A. F. and Sacramento, Eveline R. and Casanova, Marco A. and Porto, F\'{a}bio A. M.},
 title = {Query processing in a three-level ontology-based data integration system},
 booktitle = {Proceedings of the 12th International Conference on Information Integration and Web-based Applications \&\#38; Services},
 series = {iiWAS '10},
 year = {2010},
 isbn = {978-1-4503-0421-4},
 location = {Paris, France},
 pages = {283--290},
 numpages = {8},
 url = {http://doi.acm.org/10.1145/1967486.1967532},
 doi = {10.1145/1967486.1967532},
 acmid = {1967532},
 publisher = {ACM},
 address = {New York, NY, USA},
 keywords = {RDF, SPARQL, data integration, ontologies, query processing, schema mappings, semantic web},
}

@inproceedings{Sacramento:2012:DIL:2351476.2351496,
 author = {Sacramento, Eveline R. and Casanova, Marco A. and Breitman, Karin K. and Furtado, Antonio L. and de Mac\v{e}do, Jos{\'e} Antonio F. and Vidal, V\u{a}nia M. P.},
 title = {Dealing with inconsistencies in linked data mashups},
 booktitle = {Proceedings of the 16th International Database Engineering \&\#38; Applications Sysmposium},
 series = {IDEAS '12},
 year = {2012},
 isbn = {978-1-4503-1234-9},
 location = {Prague, Czech Republic},
 pages = {175--180},
 numpages = {6},
 url = {http://doi.acm.org/10.1145/2351476.2351496},
 doi = {10.1145/2351476.2351496},
 acmid = {2351496},
 publisher = {ACM},
 address = {New York, NY, USA},
 keywords = {constraint verification, data mashup, inconsistency, linked data},
} 

@article{Meij:2011:CCL:1988852.1988873,
 author = {Meij, Edgar},
 title = {Combining concepts and language models for information access},
 journal = {SIGIR Forum},
 issue_date = {June 2011},
 volume = {45},
 number = {1},
 month = may,
 year = {2011},
 issn = {0163-5840},
 pages = {80--80},
 numpages = {1},
 url = {http://doi.acm.org/10.1145/1988852.1988873},
 doi = {10.1145/1988852.1988873},
 acmid = {1988873},
 publisher = {ACM},
 address = {New York, NY, USA},
}

@book{Sheth:2012:SEW:2430682,
 author = {Sheth, Amit and Thirunarayan, Krishnaprasad},
 title = {Semantics Empowered Web 3.0: Managing Enterprise, Social, Sensor, and Cloud-based Data and Services for Advanced Applications},
 year = {2012},
 isbn = {1608457168, 9781608457168},
 publisher = {Morgan \& Claypool Publishers},
} 

@article{Wei:2011:SCE:2076814.2077188,
 author = {Wei, Dengping and Wang, Ting and Wang, Ji and Bernstein, Abraham},
 title = {{SAWSDL-iMatcher: A customizable and effective Semantic Web Service matchmaker}},
 journal = {Web Semant.},
 issue_date = {December, 2011},
 volume = {9},
 number = {4},
 month = dec,
 year = {2011},
 issn = {1570-8268},
 pages = {402--417},
 numpages = {16},
 url = {http://dx.doi.org/10.1016/j.websem.2011.08.001},
 doi = {10.1016/j.websem.2011.08.001},
 acmid = {2077188},
 publisher = {Elsevier Science Publishers B. V.},
 address = {Amsterdam, The Netherlands, The Netherlands},
 keywords = {Matching strategy, SAWSDL, Semantic Web Service discovery},
}

@INPROCEEDINGS{6494920, 
author={Nijjar, J. and Bultan, T.}, 
booktitle={Automated Software Engineering (ASE), 2012 Proceedings of the 27th IEEE/ACM International Conference on}, 
title={{Unbounded data model verification using SMT solvers}}, 
year={2012}, 
pages={210-219}, 
keywords={Internet;computability;program verification;software architecture;MVC pattern;SAT-based bounded verification;SMT solvers;Satisfiability Modulo Theories solver;Web applications;data model;formal data model;formula satisfiability;model-view-controller pattern;object class;object relational mapping;open-source rails applications;unbounded data model verification;verification query conversion;MVC frameworks;SMT solvers;Unbounded verification}, 
doi={10.1145/2351676.2351706},}

@inproceedings{Halle:2011:MSS:1989762.1990192,
 author = {Hall{\'e}, Sylvain},
 title = {{Model-Based Simulation of SOAP Web Services from Temporal Logic Specifications}},
 booktitle = {Proceedings of the 2011 16th IEEE International Conference on Engineering of Complex Computer Systems},
 series = {ICECCS '11},
 year = {2011},
 isbn = {978-0-7695-4381-9},
 pages = {95--104},
 numpages = {10},
 url = {http://dx.doi.org/10.1109/ICECCS.2011.17},
 doi = {10.1109/ICECCS.2011.17},
 acmid = {1990192},
 publisher = {IEEE Computer Society},
 address = {Washington, DC, USA},
 keywords = {model-driven development, web services, temporal logic},
} 

@inproceedings{Foster:2006:LTM:1134285.1134408,
 author = {Foster, Howard and Uchitel, Sebastian and Magee, Jeff and Kramer, Jeff},
 title = {{LTSA-WS: a tool for model-based verification of web service compositions and choreography}},
 booktitle = {Proceedings of the 28th international conference on Software engineering},
 series = {ICSE '06},
 year = {2006},
 isbn = {1-59593-375-1},
 location = {Shanghai, China},
 pages = {771--774},
 numpages = {4},
 url = {http://doi.acm.org/10.1145/1134285.1134408},
 doi = {10.1145/1134285.1134408},
 acmid = {1134408},
 publisher = {ACM},
 address = {New York, NY, USA},
 keywords = {BPEL4WS, WS-CDL, choreography, model-checking, web service compositions},
} 

@inproceedings{Klein:2011:FAV:2032305.2032348,
 author = {Klein, Uri and Namjoshi, Kedar S.},
 title = {{Formalization and automated verification of RESTful behavior}},
 booktitle = {Proceedings of the 23rd international conference on Computer aided verification},
 series = {CAV'11},
 year = {2011},
 isbn = {978-3-642-22109-5},
 location = {Snowbird, UT},
 pages = {541--556},
 numpages = {16},
 url = {http://dl.acm.org/citation.cfm?id=2032305.2032348},
 acmid = {2032348},
 publisher = {Springer-Verlag},
 address = {Berlin, Heidelberg},
} 

@misc{hl:devops,
  title = {{DevOps}},
  howpublished = "\url{http://en.wikipedia.org/wiki/DevOps}",
  year = {2013},
  note = "[Online; accessed 27-September-2013]",
  key = "DevOps"
}

@misc{hl:swagger,
  title = {{Swagger: A simple, open standard for describing REST APIs with JSON}},
  howpublished = "\url{https://developers.helloreverb.com/swagger/}",
  year = {2013},
  note = "[Online; accessed 27-September-2013]",
  key = "Swagger"
}

@misc{hl:wadl,
  title = {{Web Application Description Language}},
  howpublished = "\url{http://www.w3.org/Submission/wadl/}",
  year = {2013},
  note = "[Online; accessed 27-September-2013]",
  key = "WADL"
}
