@article{ostriker1997cosmology,
 author = {Jeremiah P. Ostriker and Michael L. Norman},
 title = {Cosmology of the early universe viewed through the new infrastructure},
 journal = {Commun. ACM},
 volume = {40},
 number = {11},
 year = {1997},
 issn = {0001-0782},
 pages = {84--94},
 doi = {http://doi.acm.org/10.1145/265684.265695},
 publisher = {ACM},
 address = {New York, NY, USA},
}

@article{papadopoulos2003nrt,
  title={{NPACI Rocks: tools and techniques for easily deploying manageable Linux clusters}},
  author={Papadopoulos, P.M. and Katz, M.J. and Bruno, G.},
  journal={Concurrency and Computation: Practice \& Experience},
  volume={15},
  number={7},
  pages={707-725},
  year={2003}
}

@article{schmidt2005esb,
  title={{The Enterprise Service Bus: Making service-oriented architecture real}},
  author={Schmidt, M.T. and Hutchison, B. and Lambros, P. and Phippen, R.},
  journal={IBM Systems Journal},
  volume={44},
  number={4},
  pages={781-797},
  year={2005}
}

@article{kallahalla2004softudc,
 author = {Mahesh Kallahalla and Mustafa Uysal and Ram Swaminathan and David E. Lowell and Mike Wray and Tom Christian and Nigel Edwards and Chris I. Dalton and Frederic Gittler},
 title = {SoftUDC: A Software-Based Data Center for Utility Computing},
 journal = {Computer},
 volume = {37},
 number = {11},
 year = {2004},
 issn = {0018-9162},
 pages = {38-46},
 doi = {http://doi.ieeecomputersociety.org/10.1109/MC.2004.221},
 publisher = {IEEE Computer Society},
 address = {Los Alamitos, CA, USA},
}

@inproceedings{begnum2006managing-vms,
 author = {Kyrre Begnum},
 title = {Managing large networks of virtual machines},
 booktitle = {LISA '06: Proceedings of the 20th conference on Large Installation System Administration Conference},
 year = {2006},
 pages = {16--16},
 location = {Washington, DC},
 publisher = {USENIX Association},
 address = {Berkeley, CA, USA},
}

@ARTICLE{appleby2001oceano, 
 title={Oceano-SLA based management of a computing utility}, 
 author={Appleby, K. and Fakhouri, S. and Fong, L. and Goldszmidt, G. and Kalantar, M. and Krishnakumar, S. and Pazel, D.P. and Pershing, J. and Rochwerger, B.}, 
 journal={Integrated Network Management Proceedings, 2001 IEEE/IFIP International Symposium on}, 
 year={2001}, 
 month={}, 
 volume={}, 
 number={}, 
 pages={855-868}, 
 keywords={computer network management, electronic commerce, performance evaluation, resource allocation, telecommunication network managementOceano-SLA based management, available infrastructure, dynamic domains, dynamic resource allocation, e-business computing utility, manageable infrastructure, scaleable infrastructure, secure domains, sequentially shared resources, service level agreements}, 
 doi={10.1109/INM.2001.918085}, 
 ISSN={}, 
}

@article{vogels2000galaxy,
 author = {Werner Vogels and Dan Dumitriu},
 title = {An Overview of the Galaxy Management Framework for Scalable Enterprise Cluster Computing},
 journal = {cluster},
 volume = {00},
 year = {2000},
 isbn = {0-7695-0896-0},
 pages = {109},
 doi = {http://doi.ieeecomputersociety.org/10.1109/CLUSTR.2000.889011},
 publisher = {IEEE Computer Society},
 address = {Los Alamitos, CA, USA},
}

@inproceedings{mcnett07usher,
  author = {Marvin McNett and Diwaker Gupta and Amin Vahdat and Geoffrey M. Voelker},
  title = {{Usher: An Extensible Framework for Managing Clusters of Virtual Machines}},
  booktitle = {Proceedings of the 21st Large Installation System Administration Conference (LISA)},
  year = {2007},
  month = {November}
}

@inproceedings{chang2006soi-paas,
 author = {Mark Chang and Jackson He and Enrique Castro-Leon},
 title = {Service-Orientation in the Computing Infrastructure},
 booktitle = {SOSE '06: Proceedings of the Second IEEE International Symposium on Service-Oriented System Engineering},
 year = {2006},
 isbn = {0-7695-2726-4},
 pages = {27--33},
 doi = {http://dx.doi.org/10.1109/SOSE.2006.35},
 publisher = {IEEE Computer Society},
 address = {Washington, DC, USA},
 }

@ARTICLE{laplante2008saas-soa, 
 title={What's in a Name? Distinguishing between SaaS and SOA}, 
 author={Laplante, P.A. and Jia Zhang and Voas, J.}, 
 journal={IT Professional}, 
 year={2008}, 
 month={May-June }, 
 volume={10}, 
 number={3}, 
 pages={46-50}, 
 keywords={Web services, software architectureWeb services, Zachman architectural model, nonIT professionals, service-oriented architecture, software as a service, software-construction model, software-delivery model}, 
 doi={10.1109/MITP.2008.60}, 
 ISSN={1520-9202}, 
}

@article{greschler2002saas1,
 author = {David Greschler and Tim Mangan},
 title = {Networking lessons in delivering `Software as a Service': part I},
 journal = {Int. J. Netw. Manag.},
 volume = {12},
 number = {5},
 year = {2002},
 issn = {1099-1190},
 pages = {317--321},
 doi = {http://dx.doi.org/10.1002/nem.446},
 publisher = {John Wiley \& Sons, Inc.},
 address = {New York, NY, USA},
 }

@article{greschler2002saas2,
 author = {David Greschler and Tim Mangan},
 title = {Networking lessons in delivering 'Software as a Service': part II},
 journal = {Int. J. Netw. Manag.},
 volume = {12},
 number = {6},
 year = {2002},
 issn = {1099-1190},
 pages = {339--345},
 doi = {http://dx.doi.org/10.1002/nem.447},
 publisher = {John Wiley \& Sons, Inc.},
 address = {New York, NY, USA},
 }

@article{chase2003dvc,
  title={{Dynamic virtual clusters in a grid site manager}},
  author={Chase, JS and Irwin, DE and Grit, LE and Moore, JD and Sprenkle, SE},
  journal={High Performance Distributed Computing, 2003. Proceedings. 12th IEEE International Symposium on},
  pages={90--100},
  year={2003}
}

@article{chang2006bds,
  title={{Bigtable: A Distributed Storage System for Structured Data}},
  author={Chang, F. and Dean, J. and Ghemawat, S. and Hsieh, W.C. and Wallach, D.A. and Burrows, M. and Chandra, T. and Fikes, A. and Gruber, R.E.},
  journal={Proceedings of 7th Symposium on Operating System Design and Implementation(OSDI)},
  pages={205–218},
  year={2006}
}

@article{dean2004msd,
  title={{MapReduce: Simplified Data Processing on Large Clusters}},
  author={Dean, J. and Ghemawat, S.},
  journal={Proceedings of 6th Symposium on Operating System Design and Implementation(OSDI)},
  pages={137-150},
  year={2004}
}

@article{decandia2007das,
  title={{Dynamo: amazon's highly available key-value store}},
  author={DeCandia, G. and Hastorun, D. and Jampani, M. and Kakulapati, G. and Lakshman, A. and Pilchin, A. and Sivasubramanian, S. and Vosshall, P. and Vogels, W.},
  journal={Proceedings of twenty-first ACM SIGOPS symposium on Operating systems principles},
  pages={205--220},
  year={2007},
  publisher={ACM Press New York, NY, USA}
}

@inproceedings{buyya-cloudcomputing,
  title={Market-Oriented Cloud Computing: Vision, Hype, and Reality for Delivering IT Services as Computing Utilities},
  author={Rajkumar Buyya and Chee Shin Yeo and Srikumar Venugopa}, 
  booktitle={Proceedings of the 10th IEEE International Conference on High Performance Computing and Communications (HPCC-08, IEEE CS Press, Los Alamitos, CA, USA) 2008},
}


@article{skillicorn2002cdg,
  title={{The case for datacentric grids}},
  author={Skillicorn, DB},
  journal={Parallel and Distributed Processing Symposium., Proceedings International, IPDPS 2002, Abstracts and CD-ROM},
  pages={247--251},
  year={2002}
}

@string {SOSP = "Symposium on Operating systems principles (SOSP)"}
@string {OSDI = "Symposium on Operating Systems Design and Implementation (OSDI)"}

@inproceedings{doctrine-containment,
 author = {Lavanya Ramakrishnan and David Irwin and Laura Grit and Aydan Yumerefendi and Adriana Iamnitchi and Jeff Chase},
 title = {Toward a doctrine of containment: grid hosting with adaptive resource control},
 booktitle = {SC '06: Proceedings of the 2006 ACM/IEEE conference on Supercomputing},
 year = {2006},
 isbn = {0-7695-2700-0},
 pages = {101},
 location = {Tampa, Florida},
 doi = {http://doi.acm.org/10.1145/1188455.1188561},
 publisher = {ACM},
 address = {New York, NY, USA},
 }

@inproceedings{cod,
 author = {Jeffrey S. Chase and David E. Irwin and Laura E. Grit and Justin D. Moore and Sara E. Sprenkle},
 title = {Dynamic Virtual Clusters in a Grid Site Manager},
 booktitle = {HPDC '03: Proceedings of the 12th IEEE International Symposium on High Performance Distributed Computing},
 year = {2003},
 isbn = {0-7695-1965-2},
 pages = {90},
 publisher = {IEEE Computer Society},
 address = {Washington, DC, USA},
 }

@inproceedings{lease-slas,
 title={Learning Application Models for Utility Resource Planning}, 
 author={Piyush Shivam and Shivnath Babu and Jeff Chase},
 booktitle = {Proceedings of IEEE International Conference on Autonomic Computing (ICAC)}, 
 pages = {255--264},
 month=June,
 year=2006
}

@techreport{s3-ec2-eval,
 author={S. Garfinkel},
 title={{An evaluation of Amazon’s grid computing services: EC2, S3, and SQS}},
 number={Technical Report TR-08-07}, 
 institution={Harvard University},
 year=2007
}

@article{s3-ec2-login,
 author={S. Garfinkel}, 
 title={{Commodity Grid Computing with Amazon’s S3 and EC2}},
 journal={Login}, 
 publisher={USENIX}, 
 month=feb,
 year=2007,
 volume=32,
 number=1
}

@inproceedings{vshmem,
  author={Lamia Youseff and Rich Wolski}, 
  title={{Virtualization Aspects for HPC}}, 
  booktitle={Technical Committee on Parallel Processing (TCPP) PhD Forum Poster, 
             IEEE International Parallel and Distributed Processing Symposium (IPDPS)}, 
  address={Miami, Florida}, 
  month=April,
  year=2008
}

@inproceedings{nanohub,
  author={Goasguen, S. and Madhavan, K.P.C. and McLennan, M. and Lundstrom, M.S. and Klimeck, G.},
  title={{The nanoHUB: A science gateway for the computational nanotechnology community}},
  booktitle={Global Grid Forum 14}, 
  address={Chicago, IL},
  month=June,
  year=2005,
}  

@inproceedings{globus-vws,
 author={K. Keahey and I. Foster and T. Freeman and X. Zhang and D. Galron},
 title={Virtual Workspaces in the {G}rid},
 booktitle={Proceedings of Europar 2005},
 address={Lisbon, Portugal}, 
 month=September, 
 year=2005,
}

@article{aws-linuxj,
 author = {Reuven M. Lerner},
 title = {At the forge: amazon web services},
 journal = {Linux J.},
 volume = {2006},
 number = {143},
 year = {2006},
 issn = {1075-3583},
 pages = {12},
 publisher = {Specialized Systems Consultants, Inc.},
 address = {Seattle, WA, USA},
 }

@inproceedings{s3-grids,
 author = {Mayur R. Palankar and Adriana Iamnitchi and Matei Ripeanu and Simson Garfinkel},
 title = {Amazon S3 for science grids: a viable solution?},
 booktitle = {DADC '08: Proceedings of the 2008 international workshop on Data-aware distributed computing},
 year = {2008},
 isbn = {978-1-60558-154-5},
 pages = {55--64},
 location = {Boston, MA, USA},
 doi = {http://doi.acm.org/10.1145/1383519.1383526},
 publisher = {ACM},
 address = {New York, NY, USA},
 }

@inproceedings{vmware1,
   author = {{J. Sugerman and G. Venkitachalam and B. Lim}},
   title={{Virtualizing I/O devices on VMware workstations hosted virtual machine monitor}},
   booktitle="USENIX Annual Technical Conference",
   year=2001
}

@article{vmware2,
 author = {Mendel Rosenblum and Tal Garfinkel},
 title = {Virtual Machine Monitors: Current Technology and Future Trends},
 journal = {Computer},
 volume = {38},
 number = {5},
 year = {2005},
 issn = {0018-9162},
 pages = {39--47},
 doi = {http://dx.doi.org/10.1109/MC.2005.176},
 publisher = {IEEE Computer Society Press},
 address = {Los Alamitos, CA, USA},
 }

@article{vmware3,
 author = {Carl A. Waldspurger},
 title = {Memory resource management in VMware ESX server},
 journal = {SIGOPS Oper. Syst. Rev.},
 volume = {36},
 number = {SI},
 year = {2002},
 issn = {0163-5980},
 pages = {181--194},
 doi = {http://doi.acm.org/10.1145/844128.844146},
 publisher = {ACM Press},
 address = {New York, NY, USA},
 }

@misc{vlan,
  author={David Passmore and John Freeman},
  title={The Virtual {LAN} Technology Report},
  month=March,
  day=7,
  year=1997, 
  publisher={3COM whitepaper},
  note={\url{http://www.3com.com/nsc/200374.html}},
}

@misc{vlan-trunk,
  title={Understanding {VLAN} Trunk Protocol ({VTP})},
  publisher={Cisco whitepaper},
  note={\url{http://www.cisco.com/application/pdf/paws/10558/21.pdf}},
}

@ARTICLE{vpn, 
title={Virtual private networks}, 
author={Venkateswaran, R.}, 
journal={Potentials, IEEE}, 
year={2001}, 
month={Feb/Mar}, 
volume={20}, 
number={1}, 
pages={11-15}, 
keywords={intranets, local area networks, telecommunication servicesDSL, Ethernet VPN services, ISDN, IT infrastructure, LAN, LAN interconnect VPN services, VPN architecture, analog modems, cable modems, dial-up VPN services, extranet, global VPN, intranet, local area network, reliable authentication mechanism, virtual private networks}, 
doi={10.1109/45.913204}, 
ISSN={0278-6648}, }

@ARTICLE{vpn-performance, 
title={Virtual private networks: an overview with performance evaluation}, 
author={Khanvilkar, S. and Khokhar, A.}, 
journal={Communications Magazine, IEEE}, 
year={2004}, 
month={Oct.}, 
volume={42}, 
number={10}, 
pages={ 146-154}, 
keywords={ Internet, bandwidth allocation, telecommunication security, telecommunication services, virtual private networks Internet, OSLV solution, TCP, UDP-based tunnels, jitter, open-source Linux-based VPN solutions, scalability, security, virtual private networks}, 
doi={10.1109/MCOM.2004.1341273}, 
ISSN={0163-6804}, }

@inproceedings{varq,
 author = {D. Nurmi and R. Wolski and J. Brevik},
 title = {{VARQ}: virtual advance reservations for queues},
 booktitle = {HPDC '08: Proceedings of the 17th international symposium on High performance distributed computing},
 year = {2008},
 isbn = {978-1-59593-997-5},
 pages = {75--86},
 location = {Boston, MA, USA},
 doi = {http://doi.acm.org/10.1145/1383422.1383433},
 publisher = {ACM},
 address = {New York, NY, USA},
 }

@inproceedings{qbets,
 author = {D. Nurmi and J. Brevik and R. Wolski},
 title = {{Q}{B}{E}{T}{S}: Queue Bounds Estimation from Time Series},
 booktitle = {Proceedings of 13th Workshop on Job Scheduling Strategies for Parallel Processing (with ICS07)},
 month={June},
 year = {2007}
}

@misc{ovirt-web,
    key= "ovirt",
    title = {{oVirt home page}},
    note = {\url{http://ovirt.org/}}
}

@misc{jibx,
    key= "JiBX",
    title = {{JiBX home page}},
    note = {\url{http://jibx.sourceforge.net/}}
}

@misc{threetera-web,
    key = "3tera",
    title = {{3Tera} home page},
    note  = {\url{http://www.3tera.com/}},
}

@misc{vwclouds,
    key = "vwclouds",
    title = {Virtual Workspaces Science Clouds},
    note  = {\url{http://workspace.globus.org/clouds/}},
}

@misc{rackspace-web,
    key = "rackspace",
    title = {{Rackspace} home page},
    note  = {\url{http://www.rackspace.com/}},
}


@misc{rightscale-web,
    key = "rightscale",
    title = {{Rightscale} home page},
    note  = {\url{http://www.rightscale.com/}},
}

@misc{engineyard-web,
    key = "engineyard",
    title = {{Engine Yard} home page},
    note  = {\url{http://engineyard.com/}},
}

@misc{amazon-web,
    key = "amazon",
    title = {{Amazon.com} home page},
    note  = {\url{http://www.amazon.com/}},
}

@misc{amazon-ec2-web,
    key = "amazon-ec2",
    title = {{Amazon Elastic Compute Cloud (Amazon EC2)}},
    note  = {\url{http://aws.amazon.com/ec2/}},
}

@misc{amazon-ebs-web,
    key = "amazon-ebs",
    title = {{Amazon Elastic Beanstalk}},
    note  = {\url{https://aws.amazon.com/elasticbeanstalk/}},
}

@misc{sf-saas,
    key = "sf-saas",
    title = {{Salesforce - What is SaaS?}},
    note  = {\url{https://www.salesforce.com/saas/}},
}

@misc{workday,
    key = "workday",
    title = {{Workday - Alternative to ERP for HR and Financial Management}},
    note  = {\url{http://www.workday.com/}},
}

@misc{gotomeeting,
    key = "gotomeeting",
    title = {{GoToMeeting - Easy Online Conferencing}},
    note  = {\url{http://www.gotomeeting.com}},
}

@misc{gce-web,
    key = "google-compute-engine",
    title = {{Google Compute Engine IaaS}},
    note  = {\url{https://cloud.google.com/compute/}},
}

@misc{heroku-web,
    key = "heroku-paas",
    title = {{Heroku Cloud Application Platform}},
    note  = {\url{http://www.heroku.com}},
}

@misc{amazon-s3-web,
    key = "amazon-s3",
    title = {{Amazon Simple Storage Service (Amazon S3)}},
    note  = {\url{http://aws.amazon.com/s3/}},
}

@misc{globus-vws-web,
    key = "globus-vws",
    title = {{Globus Virtual Workspaces} home page},
    note = {\url{http://workspace.globus.org/}},
}

@misc{nanohub-web,
    key = "nanohub",
    title = {{nanoHUB} home page},
    note = {\url{http://www.nanohub.org/}},
}

@misc{eucalyptus-web,
    key = "eucalyptus",
    title = {{Eucalyptus} home page},
    note = {\url{http://eucalyptus.cs.ucsb.edu/}},
}

@misc{vde-web,
   key = "vde",
   title = {Virtual Distributed Ethernet (VDE) home page -- \url{http://vde.sourceforge.net/}},
}

@misc{google,
   key = "google",
   title = {Google -- \url{http://www.google.com/}},
}
@misc{googleappgallery-web,
   key = "google app gallery",
   title = {Google App Gallery -- \url{http://appgallery.appspot.com}}
}

@misc{facebook,
   key = "facebook",
   title = {Facebook -- \url{http://www.facebook.com/}},
}

@misc{youtube,
   key = "youtube",
   title = {YouTube -- \url{http://www.youtube.com/}},
}

@inproceedings{huang-sc07,
 author = {Wei Huang and Matthew Koop and Qi Gao and Dhabaleswar Panda},
 title = {Virtual Machine Aware Communication Libraries for High Performance Computing},
 booktitle = {Proceedings of Supercomputing 2007},
 }

@inproceedings{huang-ics06,
 author = {Wei Huang and Jiuxing Liu and Bulent Abali and Dhabaleswar K. Panda},
 title = {A case for high performance computing with virtual machines},
 booktitle = {ICS '06: Proceedings of the 20th annual international conference on Supercomputing},
 year = {2006},
 isbn = {1-59593-282-8},
 pages = {125--134},
 location = {Cairns, Queensland, Australia},
 doi = {http://doi.acm.org/10.1145/1183401.1183421},
 publisher = {ACM},
 address = {New York, NY, USA},
 }

@article{menon2006onv,
  title={{Optimizing Network Virtualization in Xen}},
  author={Menon, A. and Cox, A.L. and Zwaenepoel, W.},
  journal={Proc. USENIX Annual Technical Conference (USENIX 2006)},
  pages={15--28},
  year={2006}
}

@article{mergen-virt4hpc,
 author = {Mark F. Mergen and Volkmar Uhlig and Orran Krieger and Jimi Xenidis},
 title = {Virtualization for high-performance computing},
 journal = {SIGOPS Oper. Syst. Rev.},
 volume = {40},
 number = {2},
 year = {2006},
 issn = {0163-5980},
 pages = {8--11},
 doi = {http://doi.acm.org/10.1145/1131322.1131328},
 publisher = {ACM},
 address = {New York, NY, USA},
 }

@inproceedings{adams-virtcompare,
 author = {Keith Adams and Ole Agesen},
 title = {A comparison of software and hardware techniques for x86 virtualization},
 booktitle = {ASPLOS-XII: Proceedings of the 12th international conference on Architectural support for programming languages and operating systems},
 year = {2006},
 isbn = {1-59593-451-0},
 pages = {2--13},
 location = {San Jose, California, USA},
 doi = {http://doi.acm.org/10.1145/1168857.1168860},
 publisher = {ACM},
 address = {New York, NY, USA},
 }

@string {HPDC12 = "Proceedings 12th IEEE Symp. on High Performance Distributed
                        Computing"}
@string {HPDC10 = "Proceedings 10th IEEE Symp. on High Performance Distributed
                        Computing"}
@string {HPDC9 = "Proceedings 9th IEEE Symp. on High Performance Distributed
                        Computing"}
@string {HPDC8 = "Proceedings 8th IEEE Symp. on High Performance Distributed
                        Computing"}
@string {HPDC7 = "Proceedings 7th IEEE Symp. on High Performance Distributed
                        Computing"}
@string {HPDC6 = "Proceedings 6th IEEE Symp. on High Performance Distributed
                        Computing"}
@string {HPDC5 = "Proceedings 5th IEEE Symp. on High Performance Distributed
                        Computing"}
@string {JPDC = "Journal of Parallel and Distributed Computing"}
@string {IJSA = "International Journal of Supercomputer Applications"}
@string {SC97 = "Proceedings of Supercomputing 1997"}
@string {ICS98 = "Proceedings of ACM International Conference on Supercomputing 1998"}
@string {SPDT98 = "Proceedings of 2nd SIGMETRICS Conference on Parallel and Distributed Tools"}
@string {SC99 = "Proceedings of IEEE SC'99 Conference on High-performance
Computing"}
@string {SC00 = "Proceedings of IEEE SC'00 Conference on High-performance
Computing"}
@string {SC01 = "Proceedings of IEEE SC'01 Conference on High-performance
Computing"}
@string {SC02 = "Proceedings of IEEE SC'02 Conference on High-performance
Computing"}

@proceedings{DBLP:conf/hpdc/2008,
  editor    = {Manish Parashar and
               Karsten Schwan and
               Jon B. Weissman and
               Domenico Laforenza},
  title     = {Proceedings of the 17th International Symposium on High-Performance
               Distributed Computing (HPDC-17 2008), 23-27 June 2008, Boston,
               MA, USA},
  booktitle = {HPDC},
  publisher = {ACM},
  year      = {2008},
  isbn      = {978-1-59593-997-5},
  bibsource = {DBLP, http://dblp.uni-trier.de}
}



@InProceedings{dror-sched-metrics,
author = "D. G. Feitelson and L. Rudolph",
title = "Metrics and benchmarking for parallel job scheduling",
booktitle = "In Job Scheduling Strategies for Parallel Processing Springer-Verlag, 1998. Lecture Notes in Computer Science Vol. 1459.",
pages = "1-24",
}

@InProceedings{dror-backfill,
author = "A. W. Mu'alem and D. G. Feitelson",
title = "Utilization, predictability, workloads, and user runtime estimates in scheduling the IBM SP2 with backfilling",
booktitle = "IEEE Trans. Parallel and Distributed Syst. 12(6), Jun 2001",
pages = "529-543",
}

@InProceedings{jackson-mauialgos,
author = "David Jackson and Quinn Snell and Mark Clement",
title = "Core Algorithms of the Maui Scheduler",
booktitle = "7th Workshop on Job Scheduling Strategies for Parallel Processing, 2001.",
}

@misc{metacomputing,
author = "L. Smarr and C. E. Catlett",
title = "Metacomputing",
booktitle = "Communications of the ACM, 35(6)",
pages = "44-52",
year = "1992",
}

@misc{ banen-measurementbased,
  author = "S. Banen and A.I.D. Bucur and D.H.J. Epema",
  title = "A Measurement-Based Simulation Study of Processor Co-Allocation in Multicluster Systems",
}

@misc{dror-sched-status,
author = "D. G. Feitelson and L. Rudolph and U. Schwiegelshohn",
title = "Parallel job scheduling --- a status report",
booktitle = "Job Scheduling Strategies for Parallel Processing in Lecture Notes in Computer Science Vol. 3277.",
pages = "1-16",
publisher = "Springer-Verlag",
year = "2004",
}

@misc{dror-sched-survey,
author = "D. G. Feitelson",
title = "A Survey of Scheduling in Multiprogrammed Parallel Systems",
booktitle = "Research Report RC 19790 (87657), IBM T. J. Watson Research Center, Oct 1994, revised August 1997",
}


@book{algos-for-clustering,
 author = {Anil K. Jain and Richard C. Dubes},
 title = {Algorithms for clustering data},
 year = {1988},
 isbn = {0-13-022278-X},
 publisher = {Prentice-Hall, Inc.},
 address = {Upper Saddle River, NJ, USA},
 }

@misc{ernemann02economic,
  author = "C. Ernemann and V. Hamscher and R. Yahyapour",
  title = "Economic Scheduling in Grid Computing",
  text = "C. Ernemann, V. Hamscher, and R. Yahyapour. Economic Scheduling in Grid Computing. In Job Scheduling Strategies for Parallel Processing, Edinburgh Scotland, July 2002. Springer. LNCS 2537.",
  year = "2002",
  url = "citeseer.ist.psu.edu/article/ernemann02economic.html" }

@InProceedings{foo,
title = "Distributed job scheduling on computational Grids using multiple simultaneous requests",
author = "V. Subramani and R. Kettimuthu and S. Srinivasan and S. Sadayappan",
booktitle = "High Performance Distributed Computing, 2002. HPDC-11 2002. Proceedings. 11th IEEE International Symposium on, Vol., Iss., 2002",
pages = "359 - 366",
}

@InProceedings{heine-grid,
author = "F. Heine and M. Hovestadt and O. Kao and A. Streit",
title = "On the Impact of Reservations from the Grid on Planning-Based Resource Management.",
booktitle = "International Workshop on Grid Computing Security and Resource Management (GSRM 2005) at ICCS 2005, Atlanta, USA, Springer, LNCS 3516",
pages = "155-162",
}

@InProceedings{quinn-advres,
title = "The Performance Impact of Advance Reservation Meta-Scheduling",
author = "Quinn Snell and Mark Clement and David Jackson and Chad Gregory",
booktitle = "6th Workshop on Job Scheduling Strategies for Parallel Processing",
year = "2000",
pages = "137-153",
}

@InProceedings{grid-metasched,
title = "On Advantages of Grid Computing for Parallel Job Scheduling",
author = "C. Ernemann and V. Hamscher and U. Schwiegelshohn and R. Yahyapour and A. Streit",
booktitle = "2nd IEEE/ACM International Symposium on Cluster Computing and the Grid, 2002",
pages = "39-47",
}

@InProceedings{ninf,
  author = "Hidemoto Nakada and Hiromitsu Takagi and Satoshi Matsuoka and Umpei
Nagashima and Mitsuhisa Sato and Satoshi Sekiguchi",
  title  = "Utilizing the Metaserver Architecture in the Ninf Global Computing
System",
  booktitle =    "High-Performance Computing and Networking '98, LNCS 1401",
  pages = "607-616",
  year =        "1998",
}

@InProceedings{smith-advres-sched,
title = "Scheduling with Advanced Reservations",
author = "W. Smith and I. Foster and V. Taylor", 
booktitle = "Parallel and Distributed Processing Symposium (IPDPS 2000)",
pages = "127-132",
}

@InProceedings{foster-GARG,
title = "A distributed resource management architecture that supports advance reservations and co-allocation",
author = "I. Foster and C. Kesselman and C. Lee and B. Lindell and K. Nahrstedt and A. Roy",
booktitle = "Seventh International Workshop on Quality of Service, 1999. IWQoS '99.",
pages = "27-36",
}


@misc{ zhong-journal-model-cluster,
  author = "Shi Zhong Zhong",
  title = "Journal of Machine Learning Research 4 (2003) 1001-1037 Submitted 3/03;
    Revised 7/03; Published 11/03 A Unified Framework for Model-based Clustering",
  url = "citeseer.ist.psu.edu/651090.html" }

@article{ posse01hierarchical-cluster,
    author = "Christian Posse",
    title = "Hierarchical Model-Based Clustering for Large Datasets",
    journal = "Journal of Computational and Graphical Statistics",
    volume = "10",
    number = "3",
    pages = "464--??",
    year = "2001",
    url = "citeseer.ist.psu.edu/posse99hierarchical.html" }
@InProceedings{srb,
                   Author    = "Chaitanya Baru and Reagan Moore and Arcot
                    Rajasekar and Michael Wan",
                   Title     = "{The SDSC Storage Resource Broker}",
                   Booktitle = "IBM CASCON '98",
                   year  = 1998,
                   URL = {\verb+http://cas.ibm.ca/cascon/+}
}

@misc
{
        xdr,
        author = "Sun Microsystems",
        title = "XDR: External Data Representation",
        note = {ARPA Working Group Requests for Comment
        DDN Network Information Center, SRI International,
        Menlo Park, CA, RFC-1014},
        year = 1987
}

@misc
{
        millennium,
        title = {{The} {U.C.} {Berkeley} {Millenium} {Project}, {S}{I}{M}{S} Annual Report},
        note = "\verb+http://millennium.millennium.berkeley.edu/groups/GRP_SIMS/annual.html+",
        year = 1999
}

@inproceedings
{
        ntp,
        author = "D. Mills and A. Thyagarajan and B. Huffman",
        title = "Internet timekeeping around the globe",
        booktitle = {Proc. Precision Time and Time Interval (PTTI) Applications and Planning Meeting},
        year = 1997
}

@misc
{
        md5,
        author = "R. Rivest",
        title = "The MD5 Message-Digest Algorithm",
        note = {ARPA Working Group Requests for Comment
        DDN Network Information Center, SRI International,
        Menlo Park, CA, RFC-1321},
        year = 1987
}
@article{fasta,
	author = {William R. Pearson and David J. Lipman},
	title={Improved Tools for Biological Sequence Comparison},
	journal = {Proc. Natl. Acad. Sci},
	volume = {85},
	pages = {2444-2448},
	month = {April},
	year = {1988}
}
@techreport{ lublin01workload,
    author = "Uri Lublin and Dror G. Feitelson",
    title = "The Workload on Parallel Supercomputers: Modeling the Characteristics of Rigid Jobs",
    number = "2001-12",
    year = "2001",
    url = "citeseer.ist.psu.edu/lublin01workload.html" }

@article{kelp,
	author = {S. Baden},
	title={Software Infrastructure for Non-Uniform Scientific Computations on Parallel Processors},
	journal = {ACM Applied Computing Review},
	month = {May},
	year = {1996}
}

@inproceedings{kmeans-macqueen,
author = "J. MacQueen",
title = "Some methods for classification and analysis of multivariate observations",
journal = "5th Berkeley Symp. Math. Statistics and Probability",
pages = "281-297",
year = "1967"}

@inproceedings{varq-nurmi,
author = "Daniel Nurmi and Rich Wolski and John Brevik",
title = "VARQ: Virtual Advance Reservations for Queues",
journal = "Proceedings of High Performance Distributed Computing Conference (HPDC)",
year = "2008"}

@misc
{
        rfc793,
        author = "Postel, P.~et~al",
        title = "Transmission Control Protocol Specification",
        note = {ARPA Working Group Requests for Comment
        DDN Network Information Center, SRI International,
        Menlo Park, CA, RFC-793},
        year = 1981
}
@inproceedings
{
	lenstra,
	author={A. Lenstra and M. Manasse},
	title = {Factoring by Electronic Mail},
	booktitle = {Advances in Cryptology -- EUROCRYPT '89},
	year={1990},
	pages="355-371"
}

@inproceedings
{
	polish-guy,
	author={S. Radziszowski},
	title = {Small Ramsey Numbers},
	booktitle = {Dynamic Survey DS1 -- Electronic Journal of Combinatorics},
	volume=1,
	year={1994},
	pages="28"
}

@inproceedings
{
	remos,
	author={B. Lowecamp and N. Miller and D. Sutherland and T. Gross and P. Steenkiste and J. Subhlok},
	title = {A Resource Query Interface for Network-Aware Applications},
	booktitle = HPDC7,
	note = {available from \verb+http://www.cs.cmu.edu/afs/jass/www/papers.html+},
	month={August},
	year={1998}
}

@inproceedings
{
	sterling,
	author={T. Sterling and D. Becker and D. Savarese},
	title = {BEOWULF: A Parallel Workstation for Scientific Computation},
	booktitle = {Proceedings of the International Conference on Parallel Processing},
	year=1995
}


@misc
{
	globus-sfexpress,
	author={S. Burnett and S. Fitzgerald},
	title={Metacomputing Supports Large-Scale Distributed Simulations},
	note ={available from \verb+http://www.cacr.caltech.edu/sfexpress/sc98.html+},
	year={1998}
}

@inproceedings {
	hpjava,
	author={ B. Carpenter and G. Zhang and G. Fox and X Li and Y Wen},
	title={HPJava: Data Parallel Extensions to Java},
	booktitle={ACM Workshop on Java for High-Performance Network Computing},
	note={available from \verb+http://www.cs.ucsb.edu/conferences/java98/papers/hpjava.pdf+},
	year=1998
}

@inproceedings {globus-mds,
	author={K. Czajkowski and S. Fitzgerald and I. Foster and C. Kesselman},
	title={Grid Information Services for Distributed Resource Sharing},
	booktitle=HPDC10,
	year=2001
}


@inproceedings
{
	now,
	author={Culler, D. and Arpaci-Dusseau, A. and Arpaci-Dusseau, R. and Chun, B. and Lumetta, S. and Mainwaring, A. and Martin, R. and Yoshikawa, C. and Wong, F.},
	title = {Parallel Computing on the Berkeley NOW},
	booktitle = {JSPP'97 (9th Joint Symposium on Parallel Processing)},
	note = {available from \verb+http://now.CS.Berkeley.EDU/Papers2+},
	year={1997}
}

@inproceedings
{
	smart_clients,
	author={C. Yoshikawa and B. Chun and P. Eastham and A. Vahdat and T. Anderson and D. Culler},
	title = {Using Smart Clients to Build Scalable Services},
	booktitle = {Proceedings of the USENIX 1997 Technical Conference},
	year={1997}
}

@inproceedings{willinger,
	author={W. Willinger and M. Taqqu and R. Sherman and D. Wilson},
	title = {Self-similarity through High-variability: statistical analysis of ethernet lan traffic at the source level},
	booktitle = {SIGCOMM'95 Conference on Communication Architectures, Protocols, and Applications},
	year={1995},
	pages = {110-113}
}

@inproceedings
{
	jenny,
	author={Schopf, J. and Berman, F.},
	title = {Performance Prediction in Production Environments},
	booktitle = {Proceedings of IPPS/SPDP 1998},
	year={1998},
	note = {available from \verb+http://www.cs.ucsd.edu/users/jenny/TechReports/ipps98.ps+}
}

@inproceedings{dinda,
	author={P. Dinda and D. O'Halloran},
	title = {The Statistical Properties of Host Load},
	booktitle = {Fourth Workshop on Languages, Compilers, and Run-time Systems for Scalable Computers (LCR98) and CMU Tech. report CMU-CS-98-143},
	year={1998},
	note = {available from \verb+http://reports-archive.adm.cs.cmu.edu/anon/1998/CMU-CS-98-143.ps+}
}

@inproceedings{dinda-online,
	author = {P. Dinda},
	title = {Online Prediction of the Running Time of Tasks},
	booktitle = HPDC10,
	month = {August},
	year = {2001}
}

@INPROCEEDINGS{mand-taqqu,
  AUTHOR={Benoit B. Mandelbrot and Murad S. Taqqu},
  TITLE={{Robust R/S Analysis of Long-run serial Correlation}},
  BOOKTITLE={Proceedings of the 42nd Session of the ISI},
  YEAR={1979},
  PAGES={69--99},
  VOLUME={48}
}

@inproceedings
{
	hbm,
	author={I. Foster and C. Kesselman},
	title = {The Globus Project: A Status Report},
	booktitle = {IPPS/SPDP '98 Heterogeneous Computing Workshop},
	year={1998}
}

@techreport
{
	apples-tomo,
	author={W. Cirne and J. Frey and S. Smallen and F. Berman and R. Wolski and S. Young and M. Ellisman and M. Su and C. Kesselman},
	title = {Combining Workstations and Supercomputers to Support Metacomputing Applications: The Parallel Tomography Experience},
	institution = {Argonne National Laboratory},
	number = {CS99-620},
	year = {1999},
	month = {April}
}

@article{grads,
	author={F. Berman and A. Chien and Keith Cooper and
                Jack Dongarra and Ian Foster and Dennis Gannon,
                Lennart Johnsson and Ken Kennedy and Carl Kesselman and
                Dan Reed and Linda Torczon and and Rich Wolski},
	title = {The {GrADS} Project:  Software Support for High-Level
                        Grid Application Development},
	journal = {International Journal of High-performance Computing
Applications},
	number = {4},
	volume={15},
	year = {2001},
	month = {Winter},
	pages={327-344}
}

@misc{grads-web,
   author = "{G}{r}{A}{D}{S}",
   title = "\url{http://hipersoft.cs.rice.edu/grads}"
}

@techreport
{
	ibp,
	author={J. Plank and M. Beck and W. Elwasif},
	title = {{I}{B}{P}: The Internet Backplane Protocol},
	institution = {University of Tennessee},
	number = {UT-CS-99-426},
	year = {1999}
}

@techreport
{
	srb-sara,
	author={M. Faerman and A. Su and R. Wolski and F. Berman},
	title = {Adaptive Performance Prediction for Distributed
Data-Intensive Applications},
	institution = {University of California, San Diego},
	number = {CS99-619},
	year = {1999},
	month = {April}
}
@techreport
{
	neos,
	author={M. Ferris, M. Mesnier, J. More},
	title = {NEOS and Condor: Solving optimization problems over the Internet},
	note = {available from \verb+http://www-fp.mcs.anl.gov/otc/Guide/TechReports/index.html+},
	institution = {Argonne National Laboratory},
	number = {ANL/MCS-P708-0398},
	year = {1998},
	month = {March}
}

@article{ev-results,
  author={R. Wolski and J. Brevik and C. Krintz and G. Obertelli and N. Spring and A. Su},
  title = {Writing Programs that Run EveryWare on the Computational Grid},
  journal = {IEEE Transactions on Parallel and Distributed Systems}, 
  volume={12},
  number={10},
  year = {2001},
  pages={1066-1080}
}


@inproceedings
{
	ev-sc99,
	author={R. Wolski and J. Brevik and C. Krintz and G. Obertelli and N. Spring and A. Su},
	title = {Running EveryWare on the Computational Grid},
        booktitle = SC99 ,
	note = {available from \verb+http://www.cs.utk.edu/~rich/papers/ev-sc99.ps.gz+},
	year = {1999},
	month = {April}
}


@techreport
{
	hp-java,
	author={T. Haupt and E. Akarsu and G. Fox and W. Furmanski},
	title = {Web Based Metacomputing},
	note = {available from \verb+http://www.npac.syr.edu/techreports/html/0800/abs-0834.html+},
	institution = {Syracuse University Northeast Parallel Architectures Center},
	number = {SCCS-834},
	year = {1999}
}
@techreport
{
	remos1,
	author={T. DeWitt and B. Lowecamp and N. Miller and D. Sutherland and T. Gross and P. Steenkiste and J. Subhlok},
	title = {A Resource Monitoring System for Network-Aware Applications},
	note = {available from \verb+http://www.cs.cmu.edu/afs/cs/user/jass/www/index.html+},
	institution = {Carnegie-Mellon University},
	number = {CMU-CS-97-194},
	year = {1997},
	month = {december}
}

@techreport
{
	mpi,
	author={Message Passing Interface Forum},
	title = {MPI: A message-passing interface standard},
	institution = {University of Tennessee, Knoxville},
	number = {CS-94-230},
	year = {1994},
}
@misc
{
	pathchar,
	author={V. Jacobson},
	title = {A Tool to infer characteristics of internet paths},
	note = {available from \verb+ftp://ftp.ee.lbl.gov/pathchar+},
	institution = {Lawrence Berkeley National Laboratory}
}

@inproceedings{polyzos,
  author = {N. Groschwitz and G. Polyzos},
  title = {A Time Series Model of Long-term Traffic on the NSFNET Backbone},
  booktitle = {Proceedings of the IEEE International Conference on
Communications (ICC'94)},
  month = {May},
  year = 1994
  }

@book{granger-newbold,
author = "C.W.P. Granger and P. Newbold",
title = "Forecasting Economic Time Series",
publisher = "Academic Press",
year = 1986,
}

@book{chaos-book,
author = "Cambel, A.",
title = "Applied Chaos Theory",
publisher = "Academic Press",
year = 1993
}

@book{grid-book,
title = "The Grid -- Blueprint for a New Computing Infrastructure",
editor = "Foster, I. and Kesselman, C.",
publisher = "Morgan Kaufmann",
year = 1998,
}

%%author = "Foster, I. and Kesselman, C. ed.",
@book{box-jenkins,
author = "G. Box and G. Jenkins and G. Reinsel",
title = "Time Series Analysis, Forecasting, and Control, 3rd edition",
publisher = "Prentice Hall",
year = 1994,
}

@book{berman_chapter,
author = "F. Berman",
title = "Computational Grids: The Future of High-Performance Computing, C. Kesselman, and I. Foster, editors",
publisher = "to appear",
year = 1998,
}
@book{ls83,
author = {L. Ljung and T. Soderstrom},
title = {Theory and Practice of Recursive Identification},
publisher = {MIT Press},
year = 1983
}

@inproceedings{vanj,
  author = {V. Jacobson},
  title = {Congestion Avoidance and Control},
  booktitle = {Proceedings of SIGCOMM '88},
  month = {August},
  year = 1988,
  volume = 18,
  }
 
@inproceedings{downey,
  author = "M. Harchol-Balter and A. Downey",
  title = {Exploiting Process Lifetime Distributions for Dynamic Load 
Balancing},
booktitle = "Proceedings of the 1996 ACM Sigmetrics Conference on Measurement and Modeling of Computer Systems",
  year=1996
  }

@inproceedings{downey-pchar,
  author = "A. Downey",
  title = {Using pchar to Estimate Internet Link Characteristics},
  booktitle = "Proceedings of ACM SIGCOMM",
  month = {September},
  year={1999}
  }

@article{balter-downey-tocs,
author = {M. Harcol-Balter and A. Downey},
title = {Exploiting Process Lifetime Distributions for Dynamic Load 
Balancing},
journal = {ACM Transactions on Computer Systems},
volume = {15},
number = {3},
year = {1997},
pages = {253--285}
}

@inproceedings{downey97-a,
author = {Allen Downey},
title = {Predicting queue times on space-sharing parallel computers},
booktitle = {Proceedings of the 11th International Parallel Processing 
Symposium},
month = {April},
year = {1997}
}

@inproceedings{downey97-b,
author = {Allen Downey},
title = {Using Queue Time Predictions for Processor Allocation},
booktitle = {Proceedings of the 3rd Workshop on Job Scheduling Strategies for
Parallel Processing},
month = {April},
year = {1997}
}


@inproceedings{keshav,
  author = {S. Keshav},
  title = {A Control-Theoretic Approach to Flow Control},
  booktitle = {Proceedings of SIGCOMM '91},
  month = {August},
  year = 1991,
  volume = 24,
  }



@book{dsp,
   author = "Haddad, R. and Parsons, T.",
   title = "Digital Signal Processing: Theory, Applications, and Hardware",
   publisher="Computer Science Press",
   year = 1991
}


@inproceedings{crovella2,
   author = "Crovella, M. and LeBlanc, T.",
   title = "Parallel Performance Prediction Using Lost-Cycles Analysis",
booktitle = "Proceedings of Supercomputing 1994",
   year = 1994
}

@article{apples-sara,
   author = {A. Su and F. Berman and R. Wolski and M. Strout},
   title = {Using {AppLeS} to Schedule a Distributed Visualization Tool
on the Computational Grid},
journal = {International Journal of High Performance Computing
Applications},
   year = 1999,
   volume = 13
}

@article{jens-tomo,
   author = {J. Gregor and D. Huff},
   title = {A Computational Study of the Focus-of-attention EM-ML Algorithm for PET reconstruction},
journal = {Parallel Computing},
   year = 1998,
   volume = 24,
   pages = {1481--1497}
}

@article{EM-ML,
   author = {K. Lange and R. Carson},
   title = {EM Reconstruction Algorithms for Emission and Transmission Tomography},
journal = {Journal of Computer Assisted Tomography},
   year = 1984,
   volume = 8,
   pages = {306--316}
}

@article{ART,
   author = {G. Herman and A. Lent and S. Rowland},
   title = {ART: Mathematics and Application},
journal = {Journal of Theoretical Biology},
   year = 1973,
   volume = 42,
   pages = {1--32}
}

@article{CG-LS,
   author = {L. Kaufman},
   title = {Maximum Likelihood, Least Squares, and Penalized Least Squares for PET},
journal = {IEEE Transactions on Medical Imaging},
   year = 1993,
   volume = 12,
   pages = {200--214}
}
@article{nws-arch,
   author = "Wolski, R. and Spring, N. and Hayes, J.",
   title = "The Network Weather Service: A Distributed Resource Performance Forecasting Service for Metacomputing",
journal = "Future Generation Computer Systems",
   volume={15},
   number={5-6},
   month={October},
   year = {1999},
   pages={757-768}
}


@inproceedings{now-gnet,
   author = {C. Anglano and A. Giordana and G. LoBello},
   title = {High-performance Knowledge Extraction from Data on PC-based
Networks of Workstations},
   booktitle = {Proceedings of 2nd International Workshop on Personal Computer BasedNetworks of Workstations -- IPPS/SPDP '99},
   year = 1999,
   month = {April}
}

@inproceedings{gnet,
   author = {C. Anglano and A. Giordana and G. LoBello and L. Saitta},
   title = {A Network Genetic Algorithm for Concept Learning},
booktitle = {International Conference on Genetic Algorithms},
   year = 1997,
}

@inproceedings{nws-cpu,
   author = "Wolski, R. and Spring, N. and Hayes, J.",
   title = {Predicting the CPU Availability of Time-shared Unix Systems on 
the Computational Grid},
booktitle = HPDC8,
   year = 1999
}

@article{crovella,
   author = "Crovella, M. and Bestavros, A.",
   title = "Self-similarity in World Wide Web Traffic: Evidence and Possible
Causes",
journal = "IEEE/ACM Transactions on Networking",
   month = {December},
   volume= 5,
   year = 1997
}

@inproceedings{park,
   author = "Park, K. and Kim, G. and Crovella, M.",
   title = "On the Effect of Traffic Self-similarity on Network Performance",
   booktitle = "Proceedings of the SPIE International Conference on
Performance and Control of Network Systems",
   month = {November},
   year = 1997
}

@inproceedings{sylvia,
   author = "Figueira, S. and Berman, F.",
   title = "Modeling the Effects of Contention on the Performance of Heterogeneous Applications",
   booktitle = HPDC6,
   month={August},
   year = 1997
}

@article{bernan,
   author = "Bernan, M. and Serman, R. and M. Taqqu",
   title = "Long-range Dependence in Variable-Bit-Rate Video Traffic",
   journal = "IEEE Transactions on Communications",
   month = {March},
   year = 1995
}

@inproceedings{pablo,
   author = {L. DeRose and Y. Zhang and D. Reed},
   title = {SvPablo: A Multi-language Performance Analysis System},
booktitle = "Proceedings of 10th International Conference on Computer Performance Evaluation",
   month={September},
   year = 1998
}

@inproceedings{winner,
   author = "O. Arndt and B. Freisleben and  T. Kielmann and F. Thilo",
   title = "Scheduling Parallel Applications in networks of Mixed Uniprocessor/Multiprocessor Workstations",
booktitle = "Proceedings of ISCA 11th Conference on Parallel and Distributed Computing",
   month={September},
   year = 1998
}

@inproceedings{miller,
   author = "Hollingsworth, J. and Miller, B. and Cargille, J.",
   title = "Dynamic Program Instrumentation for Scalable Performance Tools",
booktitle = "Proceedings of SHPCC 1994",
   year = 1994
}

@article{malony,
        author          = {A. Malony and D. Reed and H. Wijshoff},
        title           = "{P}erformance {M}easurement {I}ntrusion and {P}erturbation {A}nalysis",
        journal         = "IEEE-TPDS",
        volume          = 3,
        number          = 4,
        pages           = "433--450",
        month           = jul,
        year            = 1992,
        note            = "Available as Tech. Report CSRD-923,
                                University of Illinois, Center for
                                Supercomputing Research and Development.
                           Reprinted in IEEE CS Press Tutorial,
                                {\em Monitoring and Debugging Distributed
                                and/or Real-Time Systems}, Jeffrey Tsai and
                                S. Yang (Eds.), pp. 77--94, 1995."
}

@article{paradyn,
        author          = {B. Miller and M. Callaghan and J. Cargille and J. Hollingsworth and R. Irvin and K. Karavanic and K. Kunchithapadam and T. Newhall},
        title           = {The Paradyn Parallel Performance Measurement Tools},
        journal         = "IEEE Computer",
        volume          = 28,
        number          = 11,
        pages           = "37--46",
        month           = nov,
        year            = 1995
}

@article{leland,
   author = "W. Leland and M. Taqqu and W. Willinger and D. Wilson",
   title = "On the Self-similar Nature of Ethernet Traffic",
   year = "1994",
   month = "February",
   journal = "IEEE/ACM Transactions on Networking"
}

@inproceedings{leland-ott,
author = {W. Leland and T. Ott},
title = {Load-balancing Heuristics and Process Behavior},
booktitle = {Proceedings of Joint International Conference on 
Measurement and Modeling of Computer Systems (ACM SIGMETRICS '86)},
month = {May},
year = {1986},
pages = {54-69}
}



@article{gallagher,
   author = "N. Gallagher and G. Wise",
   title = "A Theoretical Analysis of the Properties of Median
Filters",
   year = "1981",
   month = "December",
   journal = "IEEE Transactions ASSP",
}

@miscellaneous{doct,
   title = {Distributed~Object~Computation~Testbed},
   note = "\verb+http://www.sdsc.edu/DOCT/QuadPage.html+"
   }

@inproceedings{gribble,
   title = {Self-similarity in File Systems},
   author = {Steven D. Gribble and Gurmeet Singh Manku and Drew Roselli and 
   Eric A.  Brewer and Timothy J. Gibson and Ethan L. Miller},
   booktitle={Proceedings of SIGMETRICS '98},
   month={June},
   year={1998}
   }

@misc{vbns,
  author = "vBNS",
   note = "\verb+http://www.vbns.net+"
   }

@article{globus,
        author  = "I. Foster and C. Kesselman",
        title   = "Globus: A Metacomputing Infrastructure Toolkit",
        journal = {International Journal of Supercomputing Applications},
        year    = {1997}}

@article{globus-sc,
        author  = "I. Foster and J. Geisler and C. Kesselman and S. Tuecke",
        title   = "Managing Multiple Communication Methods in High-performance
                   Networked Computing Systems",
        journal = JPDC,
        volume  = 40,
        pages   = "35--48",       
        year    = 1997}


@article{globus-old,
   author = "T. DeFanti and I. Foster and M. Papka and R.
Stevens and T. Kuhfuss",
   title = "Overview of the I-WAY: Wide Area Visual
Supercomputing",
   journal = IJSA,
}
% the end of this entry had : '  Applications",' without the ''s 

@misc{scinet,
   key = "scinet",
   title = "SCINet -- SC98 Networking \verb+http://www.supercomp.org/history/1998/index.html+",
}

@misc{globus-web,
   author = "Globus",
   title = "\verb+http://www.globus.org+",
}

@misc{ev-web,
   key = "EveryWare",
   title = "The EveryWare home page -- \verb+http://nws.npaci.edu/EveryWare+",
}

@misc{ssh,
   key = "ssh",
   title = "The Secure Shell Home Page -- \verb+http://www.ssh.fi/+",
}


@misc{sc-web,
   key = "scxy",
   title = "The SC Conference Series -- \verb+http://www.supercomp.org+",
}

@misc{java-serv,
   key = "java-serv",
   title = "The Java Servlet API from the Sun Microsystems JavaServer Product Group -- 
\verb+http://jserv.javasoft.com:80/products/java-server/documentation/+
\verb+webserver1.0.2/servlets/api.html+"
}

@misc{condor-web,
   key = "Condor",
   title = {Condor home page -- \url{http://www.cs.wisc.edu/condor/}},
}

@misc{vmware-web,
   key = "vmware",
   title = {VMWare home page -- \url{http://www.vmware.com}},
}

@misc{hyperv-web,
   key = "hyperv",
   title = {Hyper-V home page -- \url{http://www.microsoft.com/hyperv}},
}

@misc{maui-web,
   key = "Maui",
   title = {Maui Scheduler home page -- \url{http://www.clusterresources.com/products/maui/}},
}

@misc{pbspro-web,
   key = "PBSPro",
   title = {PBSPro home page -- \url{http://www.altair.com/software/pbspro.htm}},
}

@misc{nqe-web,
   key = "NQE",
   title = {Cray {N}{Q}{E} {U}ser's {G}uide --
\url{http://docs.cray.com/books/2148_3.3/html-2148_3.3}},
}

@misc{gridengine-web,
   key = "GridEngine",
   title = "GridEngine home page -- \verb+http://gridengine.sunsource.net/+",
}
@inproceedings{globus-security,
   author = "Ian Foster and Carl Kesselman and Gene Tsudik
	     and Steven Tuecke",
   title = {Security Architecture for Computational Grids},
   booktitle = "Proc. 5th ACM Conference on Computer and
	        Communications Security Conference",
   year = 1998,
   pages = "83-92",
}


@inproceedings{globus-duroc,
   author = "C. Czajkowski and I. Foster and C. Kesselman",
   title = {Co-allocation Services for Computational Grids},
   booktitle = HPDC8,
   year = 1999
}

@inproceedings{globus-gara,
   author = "I. Foster and C. Kesselman and C. Lee and B. Lindell and K. Nahrstedt and A. Roy",
   title = {A Distributed Resource Management Architecture that Supports Advanced Reservation and Co-allocation},
   booktitle = {International Workshop on Quality of Service},
   year = 1999
}

@inproceedings{globus-rsl,
   author = "C. Czajkowski and I. Foster and N. Karonis and C. Kesselman and S. Martin and W. Smith and S. Tuecke",
   title = {A Resource Management Architecture for Metacomputing Systems},
   booktitle = {International Parallel Processing Symp. -- Workshop on Job Scheduling Strategies for Parallel Processing},
   year = 1998
}
@misc{gusto-web,
   key = "Globus",
   title = {GUSTO webpage at
           \texttt{http://www-fp.globus.org/testbeds/}},
}

@misc{netperf,
   author={R. Jones},
   note = "Netperf: a network performance monitoring tool",
   title = "\verb+http://www.cup.hp.com/netperf/NetperfPage.html+"
}

@article{iway,
   author = "T. DeFanti and I. Foster and M. Papka and R.
Stevens and T. Kuhfuss",
   title = "Overview of the I-WAY: Wide Area Visual
Supercomputing",
   journal = "International Journal of Supercomputer
Applications",
   year = "To Appear",
}

@inproceedings{iway2,
   author = "Holly Korab and Maxine Brown",
   title = "Virtual Environments and Distributed Computing at SC'95:  GII Testbed and HPC Challenge Applications on the I-WAY",
   booktitle = "Proceedings of Supercomputing '95"
}

@inproceedings{treno,
   author = "M. Mathis and J. Madhavi",
   title = "Diagnosing internet congestion with a transport layer performance tool",
   booktitle = "Proceedings of INET '96",
   city = {Montreal},
   year={1996}
}

@misc {corba,
	author={"OMG"},
	title = {The complete formal/98-07-01: The CORBA/IIOP 2.2
	specification},
	year = 1998 
}

@techreport{legion-exp,
   title = "Campus-wide computing: results using Legion at the University
of Virginia",
   author = "Grimshaw, Andrew S.  A. and Nguyen-Tuong, Anh and Wulf,
William A.",
  institution = "University of Virginia",
   year = 1995,
   number = "CS-95-19"
}


@techreport{legion-tr,
   title = "Using dynamic configurability to support object-oriented
programming languages and systems in Legion",
   author = "Lewis, Michael J. and Grimshaw, Andrew S.  A. ",
  institution = "University of Virginia",
   year = 1996,
   number = "CS-96-19"
}


@techreport{legion,
   title = "Legion: The Next Logical Step Toward a Nationwide
Virtual Computer",
   author = "Grimshaw, Andrew S. and Wulf, William A. and
French, James C. and Weaver, Alfred C. and Reynolds, Paul F.",
  institution = "University of Virginia",
   year = 1994,
   number = "CS-94-21"
}



@techreport{mukherjee,
   title = "Time Series Models for Internet Traffic",
   author = "Basu, S. and Mukherjee, A. and Kilvansky, S.",
  institution = "Georgia Institute of Technology",
   year = 1996,
   number = "GIT-CC-95-27"
}


@misc{legionweb,
   author = "Legion",
   title = "\verb+http://www.cs.virginia.edu/~mentat/legion/legion.html+"
}

@misc{nwsweb,
	key = {"Network~Weather~Service"},
   title = "Network~Weather~Service",
   note = {\url "http://nws.cs.ucsb.edu/ewiki/"}
}

@misc{pvmweb,
   author = "PVM",
   title = "\verb+http://www.epm.ornl.gov:80/pvm/+"
}

@book{pvm,
   author = "Al Geist and Adam Beguelin and Jack Dongarra and
Weicheng Jiang and Robert Manchek and Vaidy Sunderam",
   title = "PVM: Parallel Virtual Machine 
A Users' Guide and Tutorial for Networked Parallel Computing",
  publisher = "MIT Press",
   year = 1994
}

@book{wave,
   author = "R. Ogden",
   title = "Essential Wavelets for Statistical Applications and Data Analysis",
  publisher = "Birkhauser",
   year = 1997
}


@inproceedings{snp,
   author = "Gallant, R. and Tauchen, G.",
   title ="SNP: A Program for Nonparametric Time Series Analysis",
   booktitle = "\verb+http://www.econ.duke.edu/Papers/Abstracts/abstract.95.26.html+"
}

@article{gallant,
   author = "Gallant, R. and Tauchen, G.",
   title = "Seminonparametric Estimation of Conditionally
Constrained Heterogeneous Processes: Asset Pricing Applications",
   journal = "Econometrica 57",
   year = 1989,
   pages="1091--1120"
}

@inproceedings{sup96,
   author = "F. Berman and R. Wolski and S. Figueira and J. Schopf and
   G Shao",
   title = "Application Level Scheduling on Distributed Heterogeneous
Networks",
   booktitle ="Proceedings of Supercomputing 1996",
   year = "1996"
}

@inproceedings{hpdc96,
   author = "F. Berman and R. Wolski",
   title = "Scheduling from the Perspective of the Application",
   booktitle ="Proceedings of High-Performance Distributed Computing 
Conference",
   year = "1996"
}


@techreport{carter,
   title = "Dynamic Server Selection Using Bandwidth Probing
in Wide-Area Networks",
   author = "Carter, R. and Crovella, M.",
  institution = "Boston University",
   year = 1996,
   number = "TR-96-007",
   note = {available from \verb+http://cs-www.bu.edu/students/grads/carter/papers.html+}
}

@techreport{carter2,
title={Measuring Bottleneck Link Speed in
       Packet-Switched Networks},
author={R. Carter and M. Crovella},
  institution = "Boston University",
   year = 1996,
   number = "TR-96-006",
   note = {available from \verb+http://cs-www.bu.edu/students/grads/carter/papers.html+}
}



@phdthesis {burg,
  title = "Maximum Entropy Spectral Analysis",
  author = "Burg, J.",
  school = "Stanford University",
  year = 1975
}

@article{weiss,
author = {J. Weissman and A. Grimshaw},
title = {A Framework for Partitioning Parallel Computations in Heterogeneous Env
ironments},
journal = {Concurrency: Practice and Experience},
volume = 7,
number = 5,
month = {August},
year = 1995
}

@article{prophet,
author = {J. Weissman and X. Zhao},
title = {Scheduling Parallel Applications in Distributed Networks},
journal = {Concurrency: Practice and Experience},
volume = 1,
number = 1,
year = 1998
}

@inproceedings{carmi,
   author = "Jim Pruyne and Miron Livny",
   title = "Parallel Processing on Dynamic Resources with CARMI",
   booktitle = "Proceedings of the Workshop on Job Scheduling Strategies for Par
allel Processing, IPPS '95",
   month = "April",
   year = "1995"
}

@article{condor,
   author = "T. Tannenbaum and M. Litzkow",
   title = "The Condor Distributed Processing System",
   journal = "Dr. Dobbs Journal",
   month = "February",
   year = 1995
}

@inproceedings
{
        andrea,
        author = "A. Dusseau and R. Arpaci and D. Culler",
        title = "Effective Distributed Scheduling of Parallel Workloads",
        booktitle = "Proceedings of SIGMETRICS/Performance",
        year = "1996",
	month="May"
}

@techreport{eco,
   title = "ECO: Efficient Collective Operations for Communication
on Heterogeneous Networks",
   author = "Lowencamp, B. and Beguelin, A.",
  institution = "Canegie-Mellon University",
   year = 1995,
   number = "CMU-CS-95-191"
}

@inproceedings{jsspp-07,
author = {D. Nurmi and J. Brevik and R. Wolski},
title = {{Q}{B}{E}{T}{S}: Queue Bounds Estimation from Time Series},
booktitle = {Proceedings of 13th Workshop on Job Scheduling Strategies for
Parallel Processing (with ICS07)},
month={June},
year = {2007}
}

@article{gehring-metacomp-sched,
author = "J. Gehring and T. Preiss",
title = "Scheduling a metacomputer with uncooperative sub-schedulers",
journal = "In Proc. JSSPP, pages 179",
}

@article{mars,
   author = "Jorn Gehrinf and Alexander Reinfeld",
   title = "MARS - A Framework for Minimizing the Job
Execution Time in a Metacomputing Environment",
   year = "1996",
   journal = "Proceedings of Future general Computer
Systems"
}

@inproceedings
{
        siam,
        author = "G. Shao and R. Wolski and F. Berman",
        title = "Modeling the Cost of Redistribution in Scheduling",
        booktitle = "Proceedings of SIAM conference on 
	Parallel Processing",
        year = "1997",
        month="March"
}

@inproceedings
{
        chein,
        author = "B. Ganguly and G. Bryan and M. Norman and A. Chien",
        title = "Exploring Structured Mesh Refinement (SAMR) Methods with the Illinois Concert System",
        booktitle = "Proceedings of SIAM conference on 
	Parallel Processing",
        year = "1997",
        month="March"
}


@article{devar,
   author = "M. Devarakonda and R. Iyer",
   title = "Predictability of Process Resource Usage: A Measurement-Based
study on Unix",
   journal = "IEEE Transactions on Software Engineering",
   month = "December",
   vol = 15,
   number = 12,
   year = 1989
}

@article{nws-tr,
 AUTHOR = {Wolski, R.},
 TITLE = {Dynamically Forecasting Network Performance Using the
          Network Weather Service},
 journal = {Cluster Computing},
 YEAR = {1998},
 volume={1},
 month={January},
 pages={119-132}
}

@inproceedings{nws-hpdc,
 AUTHOR = {Wolski, R.},
 TITLE = {Dynamically Forecasting Network Performance to Support
Dynamic Scheduling Using the Network Weather Service},
 booktitle = HPDC6,
 MONTH = {August},
 YEAR = {1997}
}

@inproceedings{mds,
 AUTHOR = {S. Fitzgerald and I. Foster and C Kesselman and G. von Laszewski and W. Smith and S. Tuecke},
 TITLE = {A Directory Service for Configuring High-Performance Distributed Computations},
 booktitle = HPDC6,
 MONTH = {August},
 YEAR = {1997}
}

@inproceedings{silvia,
 AUTHOR = {S. Figueira and F. Berman},
 title = "Modeling the Effects of Contention on the Performance of
Heterogeneous Applications",
 booktitle = HPDC5,
 MONTH = {August},
 YEAR = {1996}
}

@article
{mentat,
author = "A. Grimshaw",
title = "Easy-to-Use Object-Oriented Parallel Programming with Mentat",
journal = "IEEE Computer",
month = "May",
year = "1993"
}

@inproceedings{mentat-rts,
author = "A. Grimshaw",title = "The Mentat Run-Time System: Support for Medium Grain Parallel Computation",
month = "April",
year= "1990",
booktitle = "Proceedings of the Fifth Distributed Memory Computing Conference",
pages ="1064-1073"

}

@misc{tera,
   key = "Tera",
   title = "The Tera MTA -- \verb+http://www.tera.com+"
}

@misc{RC5,
   key = "Bovine",
   title = "The Bovine RC5-64 Project -- \verb+http://distributed.net/rc5/+"
}

@misc{ntsuper,
   key = "NTSupercluster",
   title = {The NT Supercluster at NCSA -- \verb+http://www.ncsa.uiuc.edu/General/CC/ntcluster/+}
}

@misc{apples-web,
   author = "AppLeS",
   title =
"\verb+http://www-cse.ucsd.edu/groups/hpcl/apples/apples.html+"
}

@misc{ugrid,
   author = "A. Chien",
   title = {MicroGrid: Simulation Tools for Computational Grid Research},
   note= "\verb+http://www-csag.ucsd.edu/projects/grid/microgrid.html+"
}

@INPROCEEDINGS{microgrid,
 TITLE={{The MicroGrid: a Scientific Tool for Modeling Computational Grids}},
   AUTHOR={Song, H. and Liu, J. and Jakobsen, D. and Bhagwan, R. and Zhang, X.
and Taura, K. and Chien, A. }, 
  BOOKTITLE={Proceedings of SuperComputing 2000 (SC'00)},
  MONTH={Nov.},
  YEAR={2000}
}   


@misc{jics-web,
   key = "JICS",
   title = {Joint Institute for Computational Science at the University of Tennessee -- \verb+http://www-jics.cs.utk.edu+}
}

@misc{win-nt,
   key = "WinNT",
   title = "Microsoft Windows NT Operating system -- \verb+http://www.microsoft.com/ntserver/nts/+
\verb+techdetails/overview/WpGlobal.asp/+"
}

@misc{csag_web,
   key = "csag",
   title = "The Concurrent Systems Architecture Group -- \verb+http://www-csag.ucsd.edu/+"
}

@misc{ipg,
   key = "IPG",
   title = "The NASA Information Power Grid",
   howpublished = {\url{http://science.nas.nasa.gov/Pubs/NASnews/97/09/ipg.html}},
}

@misc{hpc-98,
   key = "HPC-98",
   title = "The High-performance Computing Challenge at SC98 -- 
\verb+http://www.supercomp.org/sc98/hpcc/+"
}

@misc{nws-web,
   key = "nws",
   title = "The Network Weather Service Home page -- \url{http://nws.cs.ucsb.edu/}"
}

@inproceedings{eucalyptus-tr,
  author="Daniel Nurmi and Rich Wolski and Chris Grzegorczyk and Graziano Obertelli and Sunil Soman and Lamia Youseff and Dmitrii Zagorodnov",
  title="Eucalyptus : A Technical Report on an Elastic Utility Computing Archietcture Linking Your Programs to Useful Systems",
  booktitle="UCSB Technical Report ID: 2008-10",
  year=2008
}
@misc{elastra,
  title={{Elastra}},
  author={Elastra Inc.},
  note={"http://www.elastra.com"}
}

@misc{eucalyptus-fake,
   key = "eucalyptuswebfake",
   title = "The OVERCAST Project page -- \url{http://someurl}"
}

@misc{ttylinux-web,
   key = "ttylinuxweb",
   title = "TTYLinux home page -- \url{http://www.minimalinux.org/ttylinux/}"
}


@misc{nmi-web,
   key = "nmi",
   title = "The NSF Middleware Initiative -- \url{http://www.nsf-middleware.org/}"
}
@article{nexus,
author = "I. Foster and C Kesselman and S. Tuecke",
title = "The Nexus Approach to Integrating Multithreading and Communication",
journal = JPDC,
year = 1996
}

@article{gass,
 author = "Joseph Bester and Ian Foster and Cark Kesselman and
           Jean Tedesco and Steven Tuecke",
 title = "{GASS}: A Data Movement and Access Service for Wide Area
          Computing Systems",
 journal = "Sixth Workshop on I/O in Parallel and Distributed
            Systems",
 year = 1999,
 month = "May"
}

@inproceedings{sc97,
 AUTHOR = {Wolski, R. and Neil Spring and Christopher Peterson},
 TITLE = {Implementing a Performance Forecasting System for Metacomputing: The
     Network Weather Service},
 booktitle = SC97,
 MONTH = {November},
 YEAR = {1997}
}
@inproceedings{topd,
 AUTHOR = {K. Obraczka and G. Gheorghiu},
 TITLE = {The Performance of a Service for Network-Aware Applications},
 booktitle = SPDT98,
 MONTH = {August},
 YEAR = {1998},
}

@inproceedings{ics97,
 AUTHOR = {N. Spring and R. Wolski},
 TITLE = {Application Level Scheduling: Gene Sequence Library Comparison},
 booktitle = ICS98,
 MONTH = {July},
 YEAR = {1998}
}

@InProceedings{dan,
  author = { Andresen, D. and McCune, T.},
  title = {Towards a Hierarchical Scheduling System for
        Distributed WWW Server Clusters},
  booktitle = "{Proc. of the Seventh IEEE International Symposium on
                 High Performance Distributed Computing(HPDC7) 
               }",
  address =      "Chicago, Illinois",
  publisher =    "IEEE Computer Society",
  month =        jul,
  year =         "1998",
}

@techreport{legionshed,
   author        = "S. J. Chapin and J. Karpovich and A. Grimshaw",
   title         = "Resource Management in Legion",
   month         = May,
   year          = 1998,
   number        = "CS-98-09",
   institution   = "University of Virginia, Department of Computer Science",
   rstate        = "skimmed",
}
@INPROCEEDINGS{netsolve96,
 AUTHOR=   {Casanova, H and  Dongarra, J.},
 TITLE =   {{N}et{S}olve: A Network Server for Solving
            Computational Science Problems},
 YEAR =         {1996},
 BOOKTITLE =    {Proc. of Supercomputing'96, Pittsburgh },
 ORGANIZATION = {Department of Computer Science,
                University of Tennessee, Knoxville}
}

@ARTICLE{netsolve,
 AUTHOR=   {Casanova, H and  Dongarra, J.},
 TITLE =   {{N}et{S}olve: {A} {N}etwork {S}erver for {S}olving
            {C}omputational {S}cience {P}roblems},
 YEAR =         {1997},
 JOURNAL =  {The International Journal of Supercomputer Applications
and High Performance Computing}},
  VOLUME={11},
  PAGES = {212--223},
  NUMBER= {3},
  NOTE = {Also in Proceedings of Supercomputing'96, Pittsburgh}
}

@article{Garcia82,
   author    = {Garcia-Molina, H.},
   title     = {Elections in a Distributed Computing System},
   journal   = {IEEE Transactions on Computers},
   year      = {1982},
   month     = {Jan},
   volume    = {C-31},
   number    = {1},
   pages     = {49--59}
}

@article{Sayeed95,
   author    = {Sayeed, H.M. and Abu-Amara, M. and Abu-Amara, H.},
   title     = {Optimal asynchronous agreement and leader election algorithm for
 complete networks with Byzantine faulty links.},
   journal   = {Distributed Computing},
   year      = {1995},
   volume    = {9},
   number    = {3},
   pages     = {147--156}
}

@article{Abu94,
   author    = {Abu-Amara, H. and Lokre, J.},
   title     = {Election in asynchronous complete networks with intermittent lin
k failures.},
   journal   = {IEEE Transactions on Computers},
   year      = {1994},
   volume    = {43},
   number    = {7},
   pages     = {778--788}
}

@inproceedings{groupmem,
   author    = {Chandra, T. and Hadzilacos, V. and Toueg, S.  and Charron-Bost,
+B.  },
   title     = {On the Impossibility of Group Membership},
   booktitle = {Proceedings of the Fifteenth ACM Symposium on Principles of
+Distributed Computing},
   year      = {1996},
   month     = {May},
   pages     = {322--330}
}                        

@Misc{IETF_TLS_10,
  author =	 {Tim Dierks and Christopher Allen},
  title =	 {The {TLS} Protocol, version 1.0},
  year =	 1998,
  month =	 {November},
  note =	 {Internet Engineering Task Force Internet Draft; see {http://www.ietf.cnri.reston.va.us/internet\--drafts/draft\--ietf\--tls\--protocol-06.txt}}
}
@misc{SSLv2,
	author = "Taher ElGamal and Kipp Hickman",
	title = "The {SSL} Protocol",
	organization = "Netscape Communictions Corp",
	year = "1995",
	month = "February",
}

@misc{SSLv3,
	author = "Alan Freier and Philip Karlton and Paul Kocher",
	title = "The {SSL} Protocol Version 3",
	organization = "Netscape Communictions Corp",
	year = "1995",
	month = "December",
}

% neil's additions {

		% todo: company name
		% todo: product name
@misc{cygwin,
   author = "Cygnus",
   title = "\verb+http://sourceware.cygnus.com/cygwin/+",
}
	% todo: author probably gets munged.
@misc{nt_supercluster, 
	author = "NT SuperCluster",
  title = "verb+http://www.ncsa.uiuc.edu/General/CC/ntcluster/+"
}
	% real author
@misc{xearth, 
	author = "xearth",
  title = "verb+http://cag-www.lcs.mit.edu/~tuna/xearth/index.html/+"
}
	% title right?
@misc{LSF, 
	author = "Load Sharing Facility",
  title = "verb+http://www.platform.com/+"
}
@book{perl,
	author= "Larry Wall and Randal Schwartz", 
	title = "Programming Perl",
	publisher = "O'Reilly and Associates",
	year = 1991
}
% } // end neil.
% chandra's additions {
@misc{hot_java, 
  author = "James Gosling and Henry McGilton",
  title = "The Java Language Environment White Paper; Chapter 10",
  booktitle = "Sun Microsystems, Inc., White Paper",
  publisher = "verb+http://java.sun.com/docs/white/langenv/+",
  year = 1996
}
@misc{java, 
  author = "James Gosling and Henry McGilton",
  title = "The Java Language Environment White Paper",
  booktitle = "Sun Microsystems, Inc., White Paper",
  publisher = "verb+http://java.sun.com/docs/white/langenv/+",
  year = 1996
}
@misc{sun,
   author = "Sun Microsystems, Inc.",
   title = "\verb+http://www.sun.com/+",
}
@INPROCEEDINGS{nonstrict,
  author={C. Krintz and B. Calder and H. Lee and B. Zorn},
  title="Overlapping Execution with Transfer Using Non-Strict Execution for Mobile Programs",
  booktitle= "Eighth International Conference on Architectural Support for Programming Languages and Operating Systems",
  year=1998,
  month=Oct
}
@misc{jit_cacao,
   author = "Andreas Krall and Reinhard Graft",
   title = "\verb+http://www.complang.tuwien.ac.at/java/cacao/+",
}
@misc{jit_symantec,
   author = "Symantec Corporation",
   title = "Just-in-time Compiler for Windows 95/NT",
   booktitle = "\verb+http://cafe.symantec.com/cafe/fs_jit.html+",
   year = 1996
}
@misc{j2c_toba,
   author = "Todd Probstein and Gregg Townsend and Patrick Bridges and John Hartman and Tim Newsham and Scott Watterson", 
   title = "\verb+http://www.cs.arizona.edu/sumatra/toba/+"
}
@misc{j2c_jcc,
   author = "Nik Shaylor",
   title = "\verb+http://www.geocities.com/CapeCanaveral/Hangar/4040/jcc.html+"
}
% } // end chandra.

@book{gridbook1,
   author = "Ian Foster and Carl Kesselman",
   title = "The Grid: Blueprint for a New Computing Infrastructure",
   publisher = "Morgan Kaufmann Publishers, Inc.",
   year = 1998
}

@book{gridbook2,
   author = "Fran Berman and Geoffrey Fox and Tony Hey",
   title = "Grid Computing: Making the Global Infrastructure a Reality",
   publisher = "Wiley and Sons",
   year = 2003
}

@book{gridbook3,
   author = "J. Schopf and J. Weglarz",
   title = "Resource Management for Grid Computing",
   publisher = "Kluwer Academic Press",
   year = 2003
}

@incollection{condor-exp,
   author = "J. Basney and M. Livny and T. Tannenbaum",
   editor = "R. Buyya",
   title = "Deploying a High Throughput Computing Cluster",
   booktitle = "High Performance Cluster Computing",
   chapter = 5,
   volume = 1,
   publisher = "Prentice Hall",
   year = 1999
}

@article{condor-match,
  author = {J. Basney and M. Livny},
  title = {Improviong Goodput by Co-scheduling CPU and Network Capacity},
  journal = {International Journal of High Performance Computing
    Applications},
  year = 1999,
  volume = 13
}  
@misc{mpich-web,
   key = "MPICH",
   title = {MPICH webpage at
           \texttt{http://www.mcs.anl.gov/mpi/mpich/}},
}



@Article{mpich,
  author =       "W. Gropp and E. Lusk and N. Doss and A. Skjellum",
  title =        "A high-performance, portable implementation of the
                 {MPI} message passing interface standard",
  journal =      "Parallel Computing",
  volume =       "22",
  number =       "6",
  pages =        "789--828",
  month =        sep,
  year =         "1996"
}

@misc{ gannon02programming,
  author = "D. Gannon",
  title = "Programming the Grid: Distributed Software Components",
  text = "Dennis Gannon et al. Programming the Grid: Distributed Software Components,
    P2P and Grid Web Services for Scientific Applications. Journal of Cluster
    Computing, 2002",
  year = "2002",
  url = "citeseer.ist.psu.edu/gannon02programming.html" }


@inproceedings{autopilot,
  author =	{Randy L. Ribler and Jeffrey S. Vetter and Huseyin
		Simitci and Daniel A. Reed},
  title =	{Autopilot: Adaptive Control of Distributed
		Applications},
  booktitle =	HPDC7,
  month =	{Aug},
  year =	{1998},
}

@article{sara99,
  author = {Alan Su and Francine Berman and Richard Wolski and
    Michelle Mills Strout},
  title = {Using {AppLeS} to Schedule a Distributed Visualization
    Tool on the Computational Grid},
  journal = {International Journal of High Performance Computing
    Applications},
  year = 1999,
  volume = 13
}  

@misc{scec-web,
   key = "scec",
   title = "The Southern California Earthquake Center Home Page -- \url{http://www.scec.org/}"
}

@misc{ec2-web,
   key = "ec2web",
   title = "Amazon Elastic Compute Cloud -- \url{http://aws.amazon.com/ec2/}"
}

@misc{s3-web,
   key = "s3web",
   title = "Amazon Simple Storage Service -- \url{http://aws.amazon.com/s3/}"
}

@misc{appengine-web,
   key = "Google appengine",
   title = "Google AppEngine -- \url{http://code.google.com/appengine/}"
}


@article{droegemeier-lead,
  title={{Linked environments for atmospheric discovery (LEAD): A cyberinfrastructure for mesoscale meteorology research and education}},
  author={Droegemeier, K.K. and Chandrasekar, V. and Clark, R. and Gannon, D. and Graves, S. and Joseph, E. and Ramamurthy, M. and Wilhelmson, R. and Brewster, K. and Domenico, B. and others},
  journal={20th Conf. on Interactive Information Processing Systems for Meteorology, Oceanography, and Hydrology}
}


@ARTICLE {spawn,
 AUTHOR = "Carl A. Waldspurger and Tad Hogg and Bernardo A. Huberman and Jeffery O. Kephart and W. Scott Stornetta",
 TITLE = "Spawn: A Distributed Computational Economy",
 JOURNAL = "IEEE Trans. on Software Engineering",
 VOLUME = "18",
 NUMBER = "2",
 PAGES = "103-117",
 MONTH = "February",
 YEAR = "1992"}


@misc {popcorn,
AUTHOR = "Ori Regev, Noam Nisan",

TITLE = "The Popcorn Market - an Online Market for Computational Resources",
NOTE = "First International Conference On Information and Computation
                                      Economies. Charleston SC,
                  1998."
} 




@ARTICLE{smale,
 AUTHOR = "Steve Smale",
 TITLE = "Dynamics in General Equilibrium Theory",
 JOURNAL = "American Economic Review",
 VOLUME = "66",
 NUMBER = "2",
 PAGES = "284-294",
 MONTH = "May",
 YEAR = "1976"}

@TechReport{dagents,
  author =       "Jonathan Bredin and David Kotz and Daniela Rus",
  title =        "{Market-based Resource Control for Mobile Agents}",
  institution =  "Dartmouth College, Computer Science",
  address =      "Hanover, NH",
  number =       "PCS-TR97-326",
  year =         "1997",
  month =        nov,
  url =          "ftp://ftp.cs.dartmouth.edu/TR/TR97-326.ps.Z"}


@ARTICLE{arrow,
 author = "K. Arrow and L. Hurwicz",
 title = "The Stability of the Competitive Equilibrium I",
 journal = "Econometrica",
 volume = "26",
 pages = "522-52",
 year = "1958"
}

@MISC{chunculler,
  author = "B. N. Chun and D. E. Culler",
  title = {Market-based Proportional Resource Sharing for Clusters},
  howpublished = {Millenium Project Research Report}, 
  url = "http://www.cs.berkeley.edu/~bnc/papers/market.pdf",
  month = "Sep.",
  year = "1999"
}

@MISC{web100,
  author = "B. Irwin and M. Mathis",
  title = {The Web100 Project Statement of Work},
  howpublished = {Available on the World-Wide-Web}, 
  url = "http://www.web100.org/web100proposal.htm",
  month = "March.",
  year = "2000"
}

@MISC{bgrid-web,
  author = "R. Butler and C. Catlett and I Foster",
  title = {The Beta Grid Web Page},
  howpublished = {Available on the World-Wide-Web}, 
  url = "http://dsl.cs.uchicago.edu/beta",
  month = "March.",
  year = "2000"
}

@inproceedings
{
        bgrid,
        author = "I. Foster",
        title = {The Beta Grid: A National Infrastucture for Computer Systems
	Research},
        booktitle = {Proc. of Netstore '99 and 1999 Extreme Linux Workshop},
        year = 1999
}

@inproceedings
{
        graziano-holly,
        author = "H. Dail and G. Obertelli and F. Berman and R. Wolski and
	A. Grimshaw",
        title = {Application-Aware Scheduling of a
	Magnetohydrodynamics Application in the Legion Metasystem},
        booktitle = {Proc. of the 20000 Heterogeneous Computing Workshop, in
	conjuntion with IPDPS 2000},
	month = "May",
        year = 2000
}

@inproceedings
{
        globus-nws,
        author = {C. Lee and R. Wolski and J. Stepanek and 
	C. Kesselman and I. Foster},
        title = {A Network Performance Tool for Grid Environments},
        booktitle = SC99,
	month = "November",
        year = 1999
}

@inproceedings
{
        scalapack-grads,
        author = {Antoine Petitet and Susan Blackford and Jack Dongarra and
Brett Ellis and Graham Fagg and Kenneth Roche and Sathish Vadhiyar},
        title = {Numerical Libraries And The Grid},
        booktitle = SC01,
	month = "November",
        year = 2001
}

@ARTICLE{pbb:01:mds,
        author = "J. S. Plank and A. Bassi and M. Beck and T. Moore and
                D. M. Swany and R. Wolski",
        title = "Managing Data Storage in the Network",
        journal = "IEEE Internet Computing",
        volume = "5",
        number = "5",
        month = "September/October",
        year = "2001",
        pages = "50-58",
        where = "http://computer.org/internet/ic2001/w5toc.htm",
        publisher = "IEEE"
}

@INPROCEEDINGS{apst,
 AUTHOR = {Casanova, H. and Obertelli, G. and 
           Berman, F. and Wolski, R.},
 TITLE = {{The AppLeS Parameter Sweep Template: User-Level Middleware for the
+Grid}},
 BOOKTITLE= SC00,
 MONTH = {Nov.},
 YEAR = {2000}
}

@InProceedings{globus-replica,
                   Author    = "B. Allcock and I Foster and V. Nefedova and A.
Chervenak and E. Deelman and C. Kesselman and J. Leigh and A. Sim and A.
Shoshani",
                   Title     = "High-performance Remote Access to Climate
Simulation Data: A Challenge Problem for Data Grid Technologies",
                   Booktitle = SC01,
                   year  = 2001,
}

@inproceedings{nws-adaptmess,
author = {Matthew Allen and Rich Wolski and James Plank},
title = {Adaptive Timeout Discovery Using the Network Weather Service},
booktitle = {Proceedings of HPDC-11},
month = "July",
year = "2002",
note = "\url{http://www.cs.ucsb.edu/~rich/publications/nws-adapt.pdf}"
}

@inproceedings{nws-period,
author = {B. Gaidioz and R. Wolski and B. Tourancheau},
title = {Probes to Avoid Measurement Intrusiveness in the Network
Weather Service},
booktitle = HPDC9,
month = {August},
year = {2000},
pages = {147--154}
}

@techreport{heavy-tail-sc,
	author={Scott Clearwater and Stephen Kleban},
	title={Heavy-tailed Distributions in Supercomputer Jobs},
	number={SAND2002-2378C},
	institution={Sandia National Labs},
	year={2002}
}

@inproceedings{mor-heavy,
	author={Mor Harchol-Balter},
	title={The Effect of Heavy-tailed Job Size Distributions
	 on Computer System Design},
	booktitle={Proceedings of ASA-IMS Conference on Applications of Heavy
	Tailed Distributions in Economics, Engineering and Statistics},
	year={1999},
	month={June}
}

@article{zhang00stationarity,
    author = "Y. Zhang and V. Paxson and S. Shenker",
    title = "The Stationarity of Internet Path Properties: Routing, Loss, and
Throughput",
    journal = "ACIRI Technical Report",
    year = "2000"
}

@article{paxson95wide,
    author = "Vern Paxson and Sally Floyd",
    title = "Wide area traffic: the failure of {Poisson} modeling",
    journal = "IEEE\slash ACM Transactions on Networking",
    volume = "3",
    number = "3",
    pages = "226--244",
    year = "1995"
}

% and what ensemble would be complete without...
@inproceedings{leland93selfsimilar,
    author = "Will E. Leland and Murad S. Taqq and Walter Willinger and Daniel
V. Wilson",
    title = "On the self-similar nature of {Ethernet} traffic",
    booktitle = "{ACM} {SIGCOMM}",
    address = "San Francisco, California",
    editor = "Deepinder P. Sidhu",
    pages = "183--193",
    year = "1993"
}

@inproceedings{zhang01constancy,
  author = "Y. Zhang and N. Du and V. Paxson and S. Shenker",
  title = "The Constancy of Internet Path Properties",
  booktitle = "Proceedings of ACM SIGCOMM Internet Measurement Workshop",
  month={November},
  year = "2001"
}

@inproceedings{balakrishnan97analyzing,
    author = "Hari Balakrishnan and Mark Stemm and Srinivasan Seshan and Randy H. Katz",
    title = "Analyzing Stability in Wide-Area Network Performance",
    booktitle = "Measurement and Modeling of Computer Systems",
    pages = "2-12",
    year = "1997"
}

@inproceedings{bic-schwartz,
author = "G. Schwartz",
title = "Estimating the Dimension of a Model",
booktitle = "Ann. of Statistics",
pages = "461-464",
year = "1979"}

@book{lifkabackfill,
author = "Dave Lifka", 
title = "The ANL/IBM SP scheduling system ",
booktitle =  "Job Scheduling Strategies for Parallel Processing, D. G. Feitelson and L. Rudolph (eds.)", 
pages = "295--303",
publisher = "Springer-Verlag",
year =  "1995",
volume = "949",
} 
}

@inproceedings{paxon-floyd,
	author = {V. Paxon and S. Floyd},
	title = {Why we don't know how to simulate the Internet},
	booktitle = {Proceedings of the Winder Communication Conference also 
	\url{citeseer.nj.nec.com/paxon97why.html}},
	month = {December},
	year = {1997}
}

@article{foster2001age,
  title={{The Anatomy of the Grid: Enabling Scalable Virtual Organizations}},
  author={Foster, I. and Kesselman, C. and Tuecke, S.},
  journal={International Journal of High Performance Computing Applications},
  volume={15},
  number={3},
  pages={200},
  year={2001}
}

@article{alhusaini2000fmr,
  title={{A framework for mapping with resource co-allocation in heterogeneous computing systems}},
  author={Alhusaini, A.H. and Prasanna, V.K. and Raghavendra, CS},
  journal={9th Heterogeneous Computing Workshop (HCW2000)},
  pages={273--286},
  year={2000}
}

@article{hovestadt2003shr,
  title={{Scheduling in HPC Resource Management Systems: Queuing vs. Planning}},
  author={Hovestadt, M. and Kao, O. and Keller, A. and Streit, A.},
  journal={Proc. of the 9th Workshop on Job Scheduling Strategies for Parallel Processing},
  year={2003},
  publisher={Springer}
}

@inproceedings{dovrolis,
	author = {C. Dovrolis and D.Moore and P.Ramanathan},
	title = {What Do Packet Dispersion Techniques Measure?},
	booktitle = {Proceedings of Infocom},
	month = {April},
	year = {2001}
}
	
@inproceedings{jenny-nws,
	author={S. Vazhkudai and J. Schopf and I. Foster},
	title = {Predicting the Performance of Wide-area Data Transfers},
	booktitle = {Proceedings of IEEE International Parallel and
Distributed Parallel Systems Conference},
	month = {April},
	year = {2002}
}

@inproceedings{french-nws,
	author={P. Primet and R. Harakaly and F. Bonnassieux},
	title = {Experiments of Network Throughput Measurement and 
Forecasting Using the Network Weather Service},
	booktitle = {Workshop on Global and Peer-to-Peer Computing
on Large Scale Distributed Systems},
	month = {May},
	year = {2002}
}
@inproceedings{nws-vogrid,
author={Martin Swany and Rich Wolski},
title={Building Performance Topologies for Computational Grids},
booktitle={Proceedings of Los Alamos Computer Science Institute (LACSI)
Symposium, 2002},    
month={October},
year={2002}   
}   
    
@inproceedings{nws-pred,
author={Martin Swany and Rich Wolski},
title={Multivariate Resource Performance Forecasting in the Network Weather
Service},
booktitle=SC02,
month={November},
year={2002}
} 

@inproceedings{cactus-grads,
title="Cactus Application: Performance Predictions in a Grid Environment",
author="Matei Ripeanu and Adriana Iamnitchi and Ian
Foster",booktitle="proceedings of European Conference on Parallel Computing
(EuroPar)
2001",month="August",
year="2001"
}

@inproceedings{nws-alarm,
title="NwsAlarm: A Tool for Accurately Detecting Degradation in Expected Performance of Grid Resources",
author="C. Krintz and R. Wolski",
booktitle="Proceedings of CCGrid01",
month="May",
year="2001"
}

@inproceedings{long-muir-golding,
title={A Longitudinal Survey of Internet Host Reliability},
author={D. Long and A. Muir and R. Golding},
booktitle={14th Symposium on Reliable Distributed Systems},
month={September},
year={1995},
pages={2--9}
}

@inproceedings{plank-elwasif,
title={Experimental Assessment of Workstation Failures and
                Their Impact on Checkpointing Systems},
author={J. Plank and W. Elwasif},
booktitle={28th International Symposium on Fault-Tolerant Computing},
month={June},
year={1998},
pages={48--57}
}

@article{plank-thomason,
title={Processor Allocation and Checkpoint Interval Selection
                in Cluster Computing Systems},
author={J. Plank and M. Thomason},
journal={Journal of Parallel and Distributed Computing},
month={November},
year={2001},
volume={61},
number={11},
pages={1570--1590}
}

@inproceedings{chung-data,
title={Checkpointing in {CosMiC}:
                a User-level Process Migration Environment},
author={P. E. Chung and Y. Huang and S. Yajnik and G. Fowler and
                K. P. Vo and Y. M. Wang},
booktitle={Pacific Rim International Symposium on
                Fault-Tolerant Systems},
month={December},
year={1997}
}

@inproceedings{casanova01simgrid,
title="SimGrid: A Toolkit for the Simulation of Application Scheduling",
author="Henri Casanova",
booktitle="Proceedings of the First IEEE/ACM International Symposium on Cluster Computing and the Grid (CCGrid 2001)",
year="2001"
}

@inproceedings{stoica02chord,
title="Chord: A scalable peer-to-peer lookup service
for internet applications",
author="I. Stoica and R. Morris and D. Karger and M. F. Kaashoek and
K. Balakrishnan",
booktitle="In Proc. SIGCOMM (2001)",
year="2001"
}

@inproceedings{long91study,
title="A Study of the Reliability of Internet Sites",
author="D. D. E. Long and J. L. Carroll and C. J. Park",
booktitle="Proceedings of the 10th IEEE Symposium on Reliable Distributed Systems (SRDS91)",
year="1991"
}

@book{dagostino-GOFtech,
author = "Ralph B. D'Agostino and Michael A. Stephens",
title = "Goodness-Of-Fit Techniques",
publisher = "Marcel Dekker Inc.",
year = "1986"
}

@inproceedings{leetang-hyperexp,
title="Measurement-based evaluation of operating system fault tolerance",
author="I. Lee and D. Tang and R. K. Iyer and M. C. Hsueh",
booktitle="IEEE Trans. on Reliability, Volume 42, Issue 2, pp 238-249",
year="June 1993"
}

@inproceedings{laprie-swsysdepeval,
title="Dependability Evaluation of Software Systems in Operation",
author="Jean-Cluade Laprie",
booktitle="IEEE Trans. Software Engineering, vol SE-10, pp 701-714",
year="Nov 1984"
}

@inproceedings{hecht-swrel,
title="Software Reliability in the System Context",
author="Herbert Hecht",
booktitle="IEEE Trans. Software Engineering, vol SE-12, pp 51-58",
year="Jan 1986"
}

@inproceedings{goel-swrelsurvey,
title="Software Reliability Models: Assumptions, Limitations, and Applicability",
author="Amrit L. Goel",
booktitle="IEEE Trans. Software Engineering, vol SE-11, pp 1411-1423",
year="Dec 1985"
}

@inproceedings{iyerrossetti-sysworkload,
title="Effect of System Workload on Operating System Reliabilty: A Study on IBM 3081",
author="R. K. Iyer and David J. Rossetti",
booktitle="IEEE Trans. Software Engineering, vol SE-11, pp 1438-1448",
year="Dec 1985"
}

@article{feldmann-witt,
	title={Fitting Mixtures of Exponentials to Long-Tail Distributions to
Analyze Network Performance Models},
	author={A. Feldmann and W. Witt},
	journal={Performance Evaluation},
	volume={21},
	number={8},
	month={August},
	year={1998},
	pages={963-976}
}

@article{em-paper,
	title={Fitting Phase-type distributions via the EM algorithm},
	author = {S. Asmussen and O. Nerman and M. Olsson},
	journal={Scandinavian Journal of Statistics},
	volume={23},
	pages={419-441},
	year={1996}
}

@MISC{empht-web,
  key = {empht},
  title = {EMpht home page},
  howpublished = {Available on the World-Wide-Web}, 
  note = {\url{http://www.maths.lth.se/matstat/staff/asmus/pspapers.html}}
}       

@article{tapestry-ieee,
	title = {A Resilient Global-scale Overlay for Service Deployment},
	author = {B. Zhao and L. Huang and J. Stribling and S. Rhea and A.
Joseph and J. Kubiatowicz},
	journal={(to appear) {I}{E}{E}{E} Journal on Selected Areas in Communications}
}

@techreport{tapestry-tr,
	title={Tapestry: An Infrastructure for fault-tolerant wide-area
location and routing},
	author={B. Zhao and J. Kubiatowicz and A. Joseph},
	institution={U.C. Berkeley Computer Science Department},
	number = {UCB/CSD-01-1141},
	month={April},
	year = {2001}
}
	
@article{apples-jour,
author = {F. Berman and R. Wolski and H. Casanova and W. Cirne and H. Dail and
M. Faerman and S. Figueira and J. Hayes and G. Obertelli and J. Schopf and G.
Shao and S. Smallen and N. Spring and A. Su and D. Zagorodnov},
title = {Adaptive Computing on the Grid Using AppLeS},
journal = {IEEE Transactions on Parallel and Distributed Systems},
volume = {14},
number = {4},
pages = {369--382},
month = {April},
year = {2003}
}

@article{ibpster,
author = {S. Atchley and S. Soltesz and J. Plank and M. Beck},
title = {Video IBPster},
journal = {Future Generation Computing Systems},
volume = {19},
year = {2003},
pages = {861-870}
}

@inproceedings{nimrod-g,
        author="D. Abramson and J. Giddy and I. Foster and L. Kotler",
title = {{High Performance Parametric Modeling with Nimrod/G: Killer
Application for Global Grid?}},
        booktitle=" The 14th International Parallel and Distributed Processing
Symposium (IPDPS 2000)",        year="2000"
}       

@inproceedings{gridsat-sc03,
        author="Wahid Chrabakh and Rich Wolski",
        title={{GrADSAT: A Parallel SAT Solver for the Grid}},
	booktitle = {Proceedings of IEEE SC03},
        year="2003",
        month="November"
}

@INPROCEEDINGS{MCell-apst,
 AUTHOR = {Casanova, H. and Obertelli, G. and
            Berman, F. and Wolski, R.},
 TITLE = {{The AppLeS Parameter Sweep Template: User-Level Middleware for the
Grid}},
 BOOKTITLE= {Proceedings of SuperComputing 2000 (SC'00)},
 MONTH = {Nov.},
 YEAR = {2000}
}

@MISC{seti,
  AUTHOR={SETI@home},
  HOWPUBLISHED={\url{http://setiathome.ssl.berkeley.edu}},  MONTH={March},
  YEAR={2001},}

@misc{entropia-web,
   key = "entropia",
   title = "The {E}ntropia {H}ome {P}age",   note =
"\url{http://www.entropia.com/}"
} 

@misc{dror-workload,
   key = "feitelson",
   title = "The {D}ror {F}eitelson's {P}arallel {W}orkload {P}age",   
   note = "\url{http://www.cs.huji.ac.il/labs/parallel/workload/}"
} 

@MISC{united-devices,
  key={united devices},
  title = {The {U}nited {D}evices {H}ome {P}age},
  HOWPUBLISHED={\url{http://www.ud.com/home.htm}},  
  MONTH={January},
  YEAR={1999}
}

@MISC{avaki,
  key={avaki},
  title = {The {A}vaki {H}ome {P}age},
  HOWPUBLISHED={\url{http://www.avaki.com/}},  
  MONTH={January},
  YEAR={2001}
}

@MISC{condor-ref-man,
  key={condor-reference},
  title = {The {C}ondor {R}eference {M}anual},
  HOWPUBLISHED={\url{http://www.cs.wisc.edu/condor/manual/}},  
}

@MISC{mathematica,
  key={mathematica},
  title = {Mathematica by {W}olfram {R}esearch},
  HOWPUBLISHED={\url{http://www.wolfram.com/}},  
}

@MISC{octave,
  key={octave},
  title = {{G}{N}{U} {O}ctave {H}ome {P}age},
  HOWPUBLISHED={\url{http://www.octave.org/}},  
}

@article{acm-per,
title = {Experiences with Predicting Resource Performance On-line
in Computational Grid Settings},
author = {R. Wolski},
journal = {ACM SIGMETRICS Performance Evaluation Review},
volume = {30},
number = {4},
month = {March},
year = {2003},
pages = {41--49}
}

@article{plank-download,
author = {J. Plank and S. Atchley and Y. Ding and M. Beck},
title = {Algorithms for High Performance Wide-area Distributed File
Downloads},
journal = {Parallel Processing Letters},
volume = {13},
number = {2},
year = {2003},
pages = {207--223}
}

@article{bellard2005qfa,
  title={{QEMU, a Fast and Portable Dynamic Translator}},
  author={Bellard, F.},
  journal={Proceedings of the USENIX Annual Technical Conference, FREENIX Track},
  pages={41--46},
  year={2005}
}
@Misc{mule-web,
  key = {Mule},
  title =        {{MuleSource}},
  note =         {\url{http://mule.mulesource.org/display/MULE/Home}}
}
@Misc{hypertable-web,
  key = {Hypertable},
  title =        {{HyperTable}},
  note =         {\url{http://www.hypertable.org/}}
}
@Misc{hbase-web,
  key = {HBase},
  title =        {{HBase}},
  note =         {\url{http://hadoop.apache.org/hbase}}
}
@Misc{hadoop-web,
  key = {Hadoop},
  title =        {{Hadoop}},
  note =         {\url{http://hadoop.apache.org/core/}}
}

@inproceedings{xen,
 author = {Paul Barham and Boris Dragovic and Keir Fraser and Steven Hand and Tim Harris and Alex Ho and Rolf Neugebauer and Ian Pratt and Andrew Warfield},
 title = {Xen and the art of virtualization},
 booktitle = {SOSP '03: Proceedings of the nineteenth ACM symposium on Operating systems principles},
 year = {2003},
 isbn = {1-58113-757-5},
 pages = {164--177},
 location = {Bolton Landing, NY, USA},
 doi = {http://doi.acm.org/10.1145/945445.945462},
 publisher = {ACM},
 address = {New York, NY, USA},
 }
@Misc{oprofile,
  key = {Oprofile},
  title =	 {{Oprofile}},
  note =	 {\url{http://oprofile.sourceforge.net}}
}


@Misc{xenoprof,
  key = {xenoprof},
  title =        {{Xenoprof}},
  note =         {\url{http://xenoprof.sourceforge.net}}
}
@Misc{xen-eventchannels-web,
  key = {Xen Event Channels},
  title =        {{Xen Event Channels}},
  note =         {\url{http://wiki.xensource.com/xenwiki/XenEventChannels}}
}
@Misc{xen-xway-web,
  key = {Xen XWay},
  title =        {{Xen XWay}},
  note =         {\url{http://sourceforge.net/projects/xway}}
}
@Misc{xen-socket-web,
  key = {Xen Socket},
  title =        {{Xen XVMSocket}},
  note =         {\url{http://sourceforge.net/projects/xvmsocket}}
}

@misc{xensource,
	key="XenSource",
	title={{XenSource}},
	note = {\url "http://www.xensource.com/"}
}

@inproceedings{xen-repeatedwork,
  author    = {Bryan Clark and Todd Deshane and Eli Dow and Stephen Evanchik and Matthew Finlayson and Jason Herne and Jeanna Neefe Matthews},
  title     = {Xen and the Art of Repeated Research.},
  booktitle = {USENIX Annual Technical Conference, FREENIX Track},
  year      = {2004},
  pages     = {135-144},
  ee        = {http://www.usenix.org/publications/library/proceedings/usenix04/tech/freenix/clark.html},
}

@MASTERSTHESIS{xen-ia64-master,
        AUTHOR = {H. Bjerke},
        TITLE = {{HPC Virtualization with Xen on Itanium}},
        SCHOOL = {Norwegian University of Science and Technology (NTNU)},
        YEAR = {2005},
        MONTH = {July},
}


@inproceedings{mutka-livny87,
author = {M. Mutka and M. Livny},
title = {Profiling Workstations' Available Capacity for Remote Execution},
booktitle = {Proceedings of Performance '87: Computer Performance Modelling,
Measurement, and Evaluation, 12th IFIP WG 7.3 International Symposium},
month = {December},
year = {1987}
}

@inproceedings{elz88,
author = {D. Eager and E. Lazowska and J. Zahorjan},
title = {The Limited Performance Benefits from Migrating Active Processes for
Load Sharing},
booktitle = {ACM SIGMETRICS},
month = {May},
year = {1988}
}

@article{gridsim,
title = {GridSim: A Toolkit for the Modeling and Simulation of Distributed
Resource Management and Scheduling for Grid Computing},
author = {R. Buyya and M. Murshed},
journal = {Concurrency Practice and Experience},
volume = {14},
number = {14-15},
month = {Nov-Dec},
year = {2002}
}

@inproceedings{bricks,
title = {Performance Analysis of Scheduling and Replication Algorithms on Grid
Datafarm Architecture for High-Energy Physics Applications},
author = {A. Takefusa and O. Tatebe and S. Matsuoka and Y. Morita},
booktitle = HPDC12,
month = {June},
year = {2003}
}
 
@article{Paxon1995,
        author = "V. Paxon and S. Floyd.",
        title = "Wide area traffic: the failure of Poisson modeling",
        journal = "IEEE/ACM Transactions on Networking",
        year = 1995,
        month = "",
        number = "3",
        volume = "3",
        pages = ""}


@article{autonomic-manifesto,
author = {J. Kephart and D. Chess},
title = {The Vision of Autonomic Computing},
journal = {IEEE Computer},
month = {January},
year = {2003}
}

@inproceedings{vaidya95,
author = {N. Vaidya},
title = {On Checkpoint Latency},
booktitle = {Proceedings of Pacific Rim Symposium on Fault-tolerant Systems},
month = {December},
year = {1995}
}

@article{vaidya97,
author = {N. Vaidya},
title = {Impact of Checkpoint Latency on Overhead Ratio of a
                Checkpointing Scheme},
journal = {IEEE Transactions on Computers},
volume = {46},
number = {8},
month = {August},
year = {1997},
pages = {942-947}
}

@book{tufte,
author = {E. Tufte},
title = {The Visual Display of Quantitative Information, 2nd Ed.},
publisher = {Graphics Press},
month = {May},
year = {2001}
}

@misc { beldica-weibullrods,
title = "Viscoelastic Beam Damping and Piezoelectric Control of Deformations, Probabalistic Failures and Survival Times",
author = "Cristina E. Beldica and Harry H. Hilton and Ronald L. Hinrichsen",
journal = "Proceedings Internaltional Conference on High Performance Computing in Engineering VII, Computational Mechanics Publications, Boston, pp55-64, 2002"
}

@article {realff-weibullyarn,
author = {Seo M.H. and Realff M.L. and Boyce M.C. and Schwartz P. and
                  and Backer S.},
title = {Mechanical Properties of Fabrics Woven from Yarns Produced by
                  Different Spinning Technologies: Yarn Failure in
                  Fabric},
journal = {Text. Res. J.}, 
volume = {63}, 
number = {3}, 
pages = {123-134}, 
year = {1993}
}

@misc{ chandramouli-sprt,
  author = "R. Chandramouli and N. Vijaykrishnan and N. Ranganathan",
  title = "SPRT for Weibull distributed integrated circuit failures",
  url = "citeseer.nj.nec.com/163452.html" }

@misc{ pettit-general,
  author = "Duane Pettit and Andrew Turnbull",
  title = "General Aviation Aircraft Reliability Study",
  url = "citeseer.nj.nec.com/pettit01general.html" }

@techreport{loadleveler,
title = {{I}{B}{M} {L}oad{L}eveler {U}ser's {G}uide}, 
institution = {International Business Machines Corporation},
year = {1993}
}

@inproceedings{smith99,
 author = {Warren Smith and Valerie E. Taylor and Ian T. Foster},
 title = {Using Run-Time Predictions to Estimate Queue Wait Times and Improve
Scheduler Performance},
 booktitle = {IPPS/SPDP '99/JSSPP '99: Proceedings of the Job Scheduling
Strategies for Parallel Processing},
 year = {1999},
 isbn = {3-540-66676-1},
 pages = {202--219},
 publisher = {Springer-Verlag},
 address = {London, UK},
 }

@inbook{dror-conv,
author={Dror G. Feitelson and Larry Rudolph},
title={Towards Convergence in Job Schedulers for Parallel Supercomputers},
book={Job Scheduling Strategies for Parallel Processing, Lecture Notes
                  in Computer Science Vol. 1162},
editor={D. G. Feitelson and L. Rudolph},
publisher={Springer-Verlag}, 
year={1996}
}

@inbook{dror-strat,
author={Dror G. Feitelson and Larry Rudolph},
title={Parallel Job Scheduling: Issues and Approaches},
book={Job Scheduling Strategies for Parallel
                  Processing, Lecture Notes in
                  Computer Science Vol. 949},
editor={D. G. Feitelson and L. Rudolph}, 
publisher={Springer-Verlag},
year={1995} 
}

@inbook{dror-dyna,
author={Eitan Frachtenberg and Dror G. Feitelson and Juan Fernandez
                  and Fabrizio Petrini}, 
title={Parallel Job Scheduling Under Dynamic Workloads},
book={Job Scheduling Strategies for Parallel Processing, Lecture Notes in
                  Computer Science Vol. 2862}, 
editor={D. G. Feitelson and L. Rudolph and U. Schwiegelshohn},
publisher = {Springer-Verlag}, 
year={2003} 
}

@inbook{dror-pack,
author={Dror G. Feitelson}, 
title={Packing schemes for gang scheduling},
book = {Job Scheduling Strategies for Parallel Processing, Lecture Notes in
Computer Science Vol. 1162},
editor = {D. G. Feitelson and L. Rudolph},
publisher = {Springer-Verlag}, 
year = {1996} 
}

@inbook{chiang-vernon,
author={Su-Hui Chiang and Mary K. Vernon}, 
title={Dynamic vs. Static Quantum-based Processor Allocation},
book = {Job Scheduling Strategies for Parallel Processing, Lecture Notes in
Computer Science Vol. 1162},
editor = {D. G. Feitelson and L. Rudolph},
publisher = {Springer-Verlag}, 
year = {1996} 
}

@inbook{dror-char,
author={Dror G. Feitelson and B. Nitzberg}, 
title={Job characteristics of a production parallel scientific
                  workload on the NASA Ames iPSC/860},
book = {Job Scheduling Strategies for Parallel Processing, Lecture Notes in
Computer Science Vol. 1162},
editor = {D. G. Feitelson and L. Rudolph},
publisher = {Springer-Verlag}, 
year = {1996} 
}

@book{guttman,
author={I. Guttman},
title= {Statistical Tolerance Regions: Classical and
Bayesian}, 
publisher={Hafner}, 
city={Darien, CT}, 
year={1970}
}

@techreport{easy,
author = {David Lifka and Mark Henderson and Karen Rayl},
title = {Users Guide to the Argonne {S}{P} Scheduling System},
institution = {Argonne National Laboratory, Mathematics and Computer Science
Division},
number = {TM-201},
month = {May},
year = {1995}
}

@misc{teragrid,             
   key = {{NSF TeraGrid Project}},
   title = {{NSF TeraGrid Project}},
   note = {\url "http://www.teragrid.org/"}
   }
}   

@book{moore,
author={David Moore},
title={The Basic Practice of Statistics},
edition={2},
publisher={W.H. Freeman},
year={2000}
}

@InProceedings{ bucur-performance,
  author = "A. Bucur and D. Epema",
  title = "The Performance of Processor Co-Allocation in Multicluster Systems",
  booktitle = "3rd IEEE/ACM Int'l Symp. on Cluster Computing and the GRID (CCGrid2003.",
}

@inproceedings{brevik-ppopp-06,
        title={Predicting Bounds on Queuing Delay for Batch-scheduled Parallel
                Machines},
        author={J. Brevik and D. Nurmi and R. Wolski},
        booktitle={Proceedings of PPoPP 2006},
        month={March},
        year = {2006}
}


@book{mle,
author={Bernard Lindgren},
title={Statistical Theory},
edition={3},
publisher={MacMillan},
year={1968}
}

@misc{removed,
key = "zzzzzz",
title = {Reference removed for the purpose of blind submission}
}

@inproceedings{chun05,
author={Chaki Ng and Philip Buonadonna and Brent N. Chun and Alex C. Snoeren
and and Amin
Vahdat},
title={Addressing Strategic Behavior in a Deployed Microeconomic Resource
Allocator},
booktitle={In Proceedings of the 3rd Workshop on Economics of Peer-to-Peer
Systems},
year = {2005}
}

@inproceedings{shneidman05,
author={Jeffrey Shneidman and Chaki Ng and David C. Parkes and Alvin AuYoung
and Alex C.
Snoeren and Amin Vahdat},
title={Why Markets Could (But Don't Currently) Solve Resource Allocation
Problems in Systems},
booktitle={ Proceedings of the 10th USENIX Workshop on Hot Topics in Operating
Systems},
year={2005}
}


@inproceedings{S3forScientists,
 author = {Mayur R. Palankar and Adriana Iamnitchi and Matei Ripeanu and Simson Garfinkel},
 title = {Amazon S3 for science grids: a viable solution?},
 booktitle = {DADC '08: Proceedings of the 2008 international workshop on Data-aware distributed computing},
 year = {2008},
 isbn = {978-1-60558-154-5},
 pages = {55--64},
 location = {Boston, MA, USA},
 doi = {http://doi.acm.org/10.1145/1383519.1383526},
 publisher = {ACM},
 address = {New York, NY, USA},
 }

 @inproceedings{youseff-hpdc08,
title = {The impact of paravirtualized memory hierarchy on linear algebra computational kernels and software.},
author = {Lamia Youseff and Keith Seymour and Haihang You and Jack Dongarra and Richard Wolski},
booktitle = {HPDC},
pages = {141-152},
publisher = {ACM},
year = {2008},
description = {dblp},
keywords = {dblp }
} 

@techreport{TR-UsingClouds,
	title={Using Clouds to Provide Grids Higher-Levels of Abstraction and Explicit Support for Usage Modes},
	author={Shantenu Jha and Andre Merzky and Geoffrey Fox},
	institution={Indiana University,  Persuasive Technology Lab},
	number = {UI},
	month={April},
	year = {2008}
}

@techreport{harvard-TR,
	title={An Evaluation of AmazonÕs Grid Computing Services: EC2, S3 and SQS},
	author={Simson L. GarÞnkel},
	institution={Center for Research on Computation and Society, School for Engineering and Applied Sciences, Harvard University},
	number = {TR-08-07},
	month={August},
	year = {2007}
}

@inproceedings{cod,
 author = {Jeffrey S. Chase and David E. Irwin and Laura E. Grit and Justin D. Moore and Sara E. Sprenkle},
 title = {Dynamic Virtual Clusters in a Grid Site Manager},
 booktitle = {HPDC '03: Proceedings of the 12th IEEE International Symposium on High Performance Distributed Computing},
 year = {2003},
 isbn = {0-7695-1965-2},
 pages = {90},
 publisher = {IEEE Computer Society},
 address = {Washington, DC, USA},
 }

@article{SLAs,
author = {P. Shivam and S. Babu and J.S. Chase},
title = {Learning Application Models for Utility Resource Planning},
journal = {icac},
volume = {0},
year = {2006},
isbn = {1-4244-0175-5},	
pages = {255-264},
doi = {http://doi.ieeecomputersociety.org/10.1109/ICAC.2006.1662406},
publisher = {IEEE Computer Society},
address = {Los Alamitos, CA, USA},
}


@article{resource-control,
author = {Lavanya Ramakrishnan and Laura Grit and Adriana Iamnitchi and David Irwin and Aydan Yumerefendi and Jeff Chase},
title = {Toward a Doctrine of Containment: Grid Hosting with Adaptive Resource Control},
journal = {sc},
volume = {0},
year = {2006},
isbn = {0-7695-2700-0},	
pages = {20},
doi = {http://doi.ieeecomputersociety.org/10.1109/SC.2006.64},
publisher = {IEEE Computer Society},
address = {Los Alamitos, CA, USA},
}


@inproceedings{lin-cloud,
title = { Exploring Large-Data Issues in the Curriculum: A Case Study with MapReduce},
author = {Jimmy Lin},
booktitle = {Proceedings of the Third Workshop on Issues in Teaching Computational Linguistics (TeachCL-08) at ACL 2008},
year = {2008},
} 

@misc{salesforce-web,             
   key = {{Salesforce Customer Relationships Management (CRM) system}},
   title = {{Salesforce Customer Relationships Management (CRM) system}},
   note = {\url "http://www.salesforce.com/"}
   }
}   

@misc{googleApps,             
   key = {{GOOGLE Apps}},
   title = {{GOOGLE Apps}},
   note = {\url "http://www.google.com/apps/business/index.html"}
   }
}   


@misc{enomaly,             
   key = {{Enomalism elastic computing infrastructure}},
   title = {{Enomalism elastic computing infrastructure}},
   note = {\url "http://www.enomaly.com"}
   }
}   

@misc{ACCI,             
   key = {{NSF Academic Cloud Computing Initiative}},
   title = {{NSF Academic Cloud Computing Initiative}},
   note = {\url "http://www.gridtoday.com/grid/2180494.html"}
   }
}   


@article{Vworkspaces,
 author = {K. Keahey and I. Foster and T. Freeman and X. Zhang},
 title = {Virtual workspaces: Achieving quality of service and quality of life in the Grid},
 journal = {Sci. Program.},
 volume = {13},
 number = {4},
 year = {2005},
 issn = {1058-9244},
 pages = {265--275},
 publisher = {IOS Press},
 address = {Amsterdam, The Netherlands, The Netherlands},
 }

@article{vtd,
  author    = {Radhakrishna Hiremane},
  title     = {{Intel Virtualization Technology for Directed I/O (Intel VT-d)}},
  journal   = {Technology@Intel Magazine},
  volume    = {4},
  number    = {10},
  month     = {May},
  year      = {2007}
}

@article{vanderpool,
   key = "vanderpool",
   Author = "Intel",
   title = {{Enhanced Virtualization on Intel Architecture-based Servers}},
   journal = {{Intel Solutions White Paper}},
   month= "March",
   year=2005
  }


@article{pacifica,
   key = "pacifica",   
   Author = {{Advanced Micro Devices, AMD Inc.}},   
   title = {{AMD Virtualization Codenamed ``Pacifica" Technology, Secure Virtual Machine Architecture Reference Manual}},   
  institution = {{AMD}},   
  month="May",   
  year=2005  
  }


@inproceedings{ denali,
    author="A. Whitaker and M. Shaw and S. Gribble",
    title={{Scale and Performance in the Denali Isolation Kernel}},
    booktitle=OSDI,
    year=2002
 }


@misc{ physiology,
  author = "I. Foster and C. Kesselman and J. Nick and S. Tuecke",
  title = "The Physiology of the Grid: An Open Grid Services Architecture for Distributed
    Systems Integration",
  text = "Foster, I., Kesselman, C., Nick, J. and Tuecke, S. The Physiology of the
    Grid: An Open Grid Services Architecture for Distributed Systems Integration.
    Globus Project, 2002, www.globus.org/research/papers/ogsa.pdf.",
  year = "2002",
  url = "citeseer.ist.psu.edu/foster02physiology.html" }
  
  
  @article{anatomy,
	address = {Thousand Oaks, CA, USA},
	author = {Foster, Ian   and Kesselman, Carl   and Tuecke, Steven  },
	citeulike-article-id = {555112},
	doi = {http://dx.doi.org/10.1177/109434200101500302},
	journal = {Int. J. High Perform. Comput. Appl.},
	keywords = {bibtex-import, grids},
	number = {3},
	pages = {200--222},
	pdf = {anatomy\_of\_the\_grid.pdf},
	posted-at = {2006-03-16 23:14:37},
	priority = {0},
	publisher = {Sage Publications, Inc.},
	title = {The Anatomy of the Grid: Enabling Scalable Virtual Organizations},
	volume = {15},
	year = {2001}
}

@article{ NAS91,
    author = "D. H. Bailey and E. Barszcz and J. T. Barton and D. S. Browning and R. L. Carter and D. Dagum and R. A. Fatoohi and P. O. Frederickson and T. A. Lasinski and R. S. Schreiber and H. D. Simon and V. Venkatakrishnan and S. K. Weeratunga",
    title = "The NAS Parallel Benchmarks",
    journal = "The International Journal of Supercomputer Applications",
    volume = "5",     
    number = "3",
    pages = "63--73",
    year = "1991",
}

@article{ NAS95,
    author = " David Bailey and Tim Harris and William Saphir and Rob van der Wijngaart and Alex Woo and Maurice Yarrow",
    title = "The NAS Parallel Benchmarks 2.0",
    journal = "The International Journal of Supercomputer Applications",
    year = "1995",
 }

@book{aar:jb,
author = {J. Bloomberg}, 
title      = {The Agile Architecture Revolution: How Cloud Computing, REST-Based SOA, and Mobile Computing Are Changing Enterprise IT},
publisher = {John Wiley and Sons, Inc.},
address = {Hoboken, NJ, USA},
year = 2013
}


@article{Meyer1992,
author = {Meyer, B.},
doi = {10.1109/2.161279},
issn = {0018-9162},
journal = {Computer},
mendeley-groups = {DBC},
month = oct,
number = {10},
pages = {40--51},
title = {{Applying 'design by contract'}},
url = {http://ieeexplore.ieee.org/lpdocs/epic03/wrapper.htm?arnumber=161279},
volume = {25},
year = {1992}
}

@article{Hatcliff2012,
author = {Hatcliff, John and Leavens, Gary T. and Leino, K. Rustan M. and M\"{u}ller, Peter and Parkinson, Matthew},
doi = {10.1145/2187671.2187678},
issn = {03600300},
journal = {ACM Computing Surveys},
keywords = {automatic verfication,behavioral specification languages},
mendeley-groups = {DBC},
mendeley-tags = {automatic verfication,behavioral specification languages},
month = jun,
number = {3},
pages = {1--58},
title = {{Behavioral interface specification languages}},
url = {http://dl.acm.org/citation.cfm?doid=2187671.2187678},
volume = {44},
year = {2012}
}

@article{Burdy2004,
author = {Burdy, Lilian and Cheon, Yoonsik and Cok, David R. and Ernst, Michael D. and Kiniry, Joseph R. and Leavens, Gary T. and Leino, K. Rustan M. and Poll, Erik},
doi = {10.1007/s10009-004-0167-4},
issn = {1433-2779},
journal = {International Journal on Software Tools for Technology Transfer},
mendeley-groups = {DBC},
month = dec,
number = {3},
pages = {212--232},
title = {{An overview of JML tools and applications}},
url = {http://link.springer.com/10.1007/s10009-004-0167-4},
volume = {7},
year = {2004}
}

@article{Barnett2004,
author = {Barnett, Mike and Leino, KRM and Schulte, Wolfram},
journal = {Construction and Analysis of Safe, Secure and Interoperable Smart devices},
volume={3362},
number = {October},
title = {{The Spec\# programming system: An overview}},
url = {http://link.springer.com/chapter/10.1007/978-3-540-30569-9\_3},
year = {2005}
}

@article{Fahndrich2010,
address = {New York, New York, USA},
author = {F\"{a}hndrich, Manuel and Barnett, Michael and Logozzo, Francesco},
doi = {10.1145/1774088.1774531},
isbn = {9781605586397},
journal = {Proceedings of the 2010 ACM Symposium on Applied Computing - SAC '10},
keywords = {Languages,Reliability. Verification,Software Engineering,c,c\#,codecontracts,dbc,net},
mendeley-groups = {DBC},
mendeley-tags = {Languages,Reliability. Verification,Software Engineering,c\#,codecontracts,dbc},
pages = {2103},
publisher = {ACM Press},
title = {{Embedded contract languages}},
url = {http://portal.acm.org/citation.cfm?doid=1774088.1774531},
year = {2010}
}

@article{Barnett2001,
author = {Barnett, M and Schulte, W},
title = {{The ABCs of specification: AsmL, behavior, and components}},
journal={{Informatica}},
volume=25,
number=4,
pages={517--526},
month=Nov,
url = {http://citeseerx.ist.psu.edu/viewdoc/summary?doi=10.1.1.22.4412},
year = {2001}
}

@article{Dahlweid2009,
author = {Dahlweid, Markus and Moskal, Michal and Santen, Thomas and Tobies, Stephan and Schulte, Wolfram},
doi = {10.1109/ICSE-COMPANION.2009.5071046},
isbn = {978-1-4244-3495-4},
journal = {2009 31st International Conference on Software Engineering - Companion Volume},
mendeley-groups = {DBC},
pages = {429--430},
publisher = {Ieee},
title = {{VCC: Contract-based modular verification of concurrent C}},
url = {http://ieeexplore.ieee.org/lpdocs/epic03/wrapper.htm?arnumber=5071046},
year = {2009}
}

@inproceedings{Araujo2008,
author = {Araujo, Wladimir and Briand, Lionel and Labiche, Yvan},
booktitle = {International Symposium on Software Reliability Engineering (ISSRE)},
month = nov,
pages = {37--46},
title = {{Concurrent Contracts for Java in JML}},
url = {http://ieeexplore.ieee.org/lpdocs/epic03/wrapper.htm?arnumber=4700308},
year = {2008}
}

@article{Nienaltowski2008,
author = {Nienaltowski, Piotr and Meyer, Bertrand and Ostroff, Jonathan S.},
doi = {10.1007/s00165-007-0063-2},
issn = {0934-5043},
journal = {Formal Aspects of Computing},
mendeley-groups = {DBC},
month = jan,
number = {4},
pages = {305--318},
title = {{Contracts for concurrency}},
url = {http://link.springer.com/10.1007/s00165-007-0063-2},
volume = {21},
year = {2008}
}

@article{Okika2008,
author = {Okika, Joseph C. and Ravn, Anders P.},
doi = {10.1109/ICWS.2008.36},
isbn = {9780769533100},
journal = {2008 IEEE International Conference on Web Services},
mendeley-groups = {DBC,WS DbC},
month = sep,
pages = {433--440},
publisher = {Ieee},
title = {{Classification of SOA Contract Specification Languages}},
url = {http://ieeexplore.ieee.org/lpdocs/epic03/wrapper.htm?arnumber=4670205},
year = {2008}
}

@article{Tosic2005,
author = {Tosic, V. and Pagurek, B.},
journal = {IEEE International Conference on e-Technology, e-Commerce and e-Service},
pages = {444--449},
year=2005,
title = {{On Comprehensive Contractual Descriptions of Web Services}},
url = {http://ieeexplore.ieee.org/lpdocs/epic03/wrapper.htm?arnumber=1402338}
}

@misc{wsdl2,
  author = {Chinnici, Roberto and Moreau, Jean-Jacques and Ryman, Arthur and Weerawarana, Sanjiva},
  biburl = {http://www.bibsonomy.org/bibtex/2cfd5f8b25ffb28d7f19e0946b4817746/dret},
  description = {dret'd bibliography},
  howpublished = {World Wide Web Consortium, Recommendation REC-wsdl20-20070626},
  interhash = {af3fc44271c4a31bfb4b5ac2e657dffc},
  intrahash = {cfd5f8b25ffb28d7f19e0946b4817746},
  keywords = {imported},
  month = {June},
  timestamp = {2009-01-14T00:43:43.000+0100},
  title = {Web Services Description Language (WSDL) Version 2.0 Part 1: Core Language},
  topic = {wsdl[1]},
  updates = {wsdl12},
  uri = {http://www.w3.org/TR/2007/REC-wsdl20-20070626},
  year = 2007
}

@article{Martin2004,
author = {Martin, D and Burstein, M and Hobbs, J},
journal = {W3C member \ldots},
title = {{OWL-S: Semantic markup for web services}},
url = {http://www.ai.sri.com/daml/services/owl-s/1.2/overview/},
year = {2004}
}

@article{Akkiraju2005,
author = {Akkiraju, R and Farrell, J and Miller, JA},
journal = {In A joint UGA-IBM Technical Note, version 1.0},
title = {{Web service semantics-wsdl-s}},
url = {http://corescholar.libraries.wright.edu/knoesis/69/?utm\_source=corescholar.libraries.wright.edu\%2Fknoesis\%2F69\&utm\_medium=PDF\&utm\_campaign=PDFCoverPages},
year = {2005}
}

@article{Feier2005,
author = {Feier, C.},
journal = {Proc. Int’l Conf Intelligent Computing (ICIC)},
title = {{Towards intelligent web services : the web service mod- eling ontology ( WSMO ) Conference Item}},
year = {2005}
}








