@INPROCEEDINGS{5948601, 
author={Iosup, A. and Yigitbasi, N. and Epema, D.}, 
booktitle={Cluster, Cloud and Grid Computing (CCGrid), 2011 11th IEEE/ACM International Symposium on}, 
title={{On the Performance Variability of Production Cloud Services}}, 
year={2011}
}

@article{Keller:2003:WFS:635430.635442,
 author = {Keller, Alexander and Ludwig, Heiko},
 title = {{The WSLA Framework: Specifying and Monitoring Service Level Agreements for Web Services}},
 journal = {J. Netw. Syst. Manage.},
 issue_date = {March 2003},
 volume = {11},
 number = {1},
 month = mar,
 year = {2003},
 publisher = {Plenum Press},
 address = {New York, NY, USA},
} 

@inproceedings{Jayathilaka:2015:RTS:2806777.2806842,
 author = {Jayathilaka, Hiranya and Krintz, Chandra and Wolski, Rich},
 title = {{Response Time Service Level Agreements for Cloud-hosted Web Applications}},
 booktitle = {Proceedings of the Sixth ACM Symposium on Cloud Computing},
 year = {2015},
} 


@inproceedings{Nurmi:2007:QQB:1791551.1791556,
 author = {Nurmi, Daniel and Brevik, John and Wolski, Rich},
 title = {{QBETS: Queue Bounds Estimation from Time Series}},
 booktitle = {International Conference on Job Scheduling Strategies for Parallel Processing},
 year = {2008}
} 

@inproceedings{uptime-bootstrap,
author={D. Nurmi and J. Brevik and R. Wolski},
title={{Modeling Machine Availability in Enterprise and Wide-area Distributed Computing Environments}},
booktitle={Proceedings of Europar 2005},
year={2005}
}

@inproceedings{quant-est,
title={{Quantifying Machine Availability in Networked and Desktop Grid Systems}},
author = {J. Brevik and D. Nurmi and R. Wolski},
booktitle = {Proceedings of CCGrid04},month = {April},
year = {2004}
}  

@inproceedings{ckpt-sched,
        title={{Model-Based Checkpoint Scheduling for Volatile Resource Environments}},
        author={D. Nurmi and R. Wolski and J. Brevik},
        booktitle={Proceedings of Cluster 2005},
        year = {2004}
}


@inproceedings{Vallee-Rai:2010:SJB:1925805.1925818,
 author = {Vall{\'e}e-Rai, Raja and Co, Phong and Gagnon, Etienne and Hendren, Laurie and Lam, Patrick and Sundaresan, Vijay},
 title = {{Soot: A Java Bytecode Optimization Framework}},
 booktitle = {CASCON First Decade High Impact Papers},
 year = {2010}
}

@phdthesis{bygde2010static,
  title={{Static WCET analysis based on abstract interpretation and counting of elements}},
  author={Bygde, Stefan},
  year={2010},
  school={M{\"a}lardalen University}
}

@inproceedings{Gulwani:2009:CRP:1542476.1542518,
 author = {Gulwani, Sumit and Jain, Sagar and Koskinen, Eric},
 title = {{Control-flow Refinement and Progress Invariants for Bound Analysis}},
 booktitle = {ACM SIGPLAN Conference on Programming Language Design and Implementation},
 year = {2009}
} 

@inproceedings{Lokuciejewski:2009:FPS:1545006.1545064,
 author = {Lokuciejewski, Paul and Cordes, Daniel and Falk, Heiko and Marwedel, Peter},
 title = {{A Fast and Precise Static Loop Analysis Based on Abstract Interpretation, Program Slicing and Polytope Models}},
 booktitle = {IEEE/ACM International Symposium on Code Generation and Optimization},
 year = {2009}
} 

@inproceedings{Hunt:2006:PCL:1167999.1168026,
 author = {Hunt, James J. and Siebert, Fridtjof B. and Schmitt, Peter H. and Tonin, Isabel},
 title = {{Provably Correct Loops Bounds for Realtime Java Programs}},
 booktitle = {International Workshop on Java Technologies for Real-time and Embedded Systems},
 year = {2006}
} 

@inproceedings{Allen:1970:CFA:800028.808479,
 author = {Allen, Frances E.},
 title = {{Control Flow Analysis}},
 booktitle = {Symposium on Compiler Optimization},
 year = {1970}
} 

@misc{gae,
   key = "Google App Engine",
   title = {{App Engine - Run your applications on a fully managed PaaS}},
   note = {\url "https://cloud.google.com/appengine" [Accessed March 2015]},
}
@misc{gae-sandbox,
   key = "Google App Engine Java Sandbox",
   title = {{Google App Engine Java Sandbox}},
   note = {\url "https://cloud.google.com/appengine/docs/java/\#Java\_ The\_sandbox" [Accessed March 2015]},
   year={2015}
}
@misc{azure-web,
   key = "Microsoft Windows Azure",
   title = "Microsoft Windows Azure",
   note = {\url "http://www.microsoft.com/windowsazure/" [Accessed March 2015]},
}

@misc{amazon-aws-web,
    key = "Amazon AWS",
    title = {{Amazon Web Services} home page},
    note  = {\url{http://aws.amazon.com/} [Accessed March 2015]},
    year = 2015
}

@misc{github,
   key = "GitHub",
   title = "GitHub - Build software better, together",
   note = {\url "https://github.com" [Accessed March 2015]},
   year={2015}
}

@book{Aho:1986:CPT:6448,
 author = {Aho, Alfred V. and Sethi, Ravi and Ullman, Jeffrey D.},
 title = {Compilers: Principles, Techniques, and Tools},
 year = {1986},
 isbn = {0-201-10088-6},
 publisher = {Addison-Wesley Longman Publishing Co., Inc.},
 address = {Boston, MA, USA},
} 

@book{Morgan:1998:BOC:288765,
 author = {Morgan, Robert},
 title = {Building an Optimizing Compiler},
 year = {1998},
 isbn = {1-55558-179-X},
 publisher = {Digital Press},
 address = {Newton, MA, USA},
} 

@book{Muchnick:1998:ACD:286076,
 author = {Muchnick, Steven S.},
 title = {Advanced Compiler Design and Implementation},
 year = {1997},
 isbn = {1-55860-320-4},
 publisher = {Morgan Kaufmann Publishers Inc.},
 address = {San Francisco, CA, USA},
} 

@article{Wilhelm:2008:WEP:1347375.1347389,
 author = {Wilhelm, Reinhard and Engblom, Jakob and Ermedahl, Andreas and Holsti, Niklas and Thesing, Stephan and Whalley, David and Bernat, Guillem and Ferdinand, Christian and Heckmann, Reinhold and Mitra, Tulika and Mueller, Frank and Puaut, Isabelle and Puschner, Peter and Staschulat, Jan and Stenstr\"{o}m, Per},
 title = {{The Worst-case Execution-time Problem\&Mdash;Overview of Methods and Survey of Tools}},
 journal = {ACM Trans. Embed. Comput. Syst.},
 issue_date = {April 2008},
 volume = {7},
 number = {3},
 month = may,
 year = {2008}
} 

@inproceedings{ermedahl2007loop,
  title={{Loop Bound Analysis based on a Combination of Program Slicing, Abstract Interpretation, and Invariant Analysis.}},
  author={Ermedahl, Andreas and Sandberg, Christer and Gustafsson, Jan and Bygde, Stefan and Lisper, Bj{\"o}rn},
  booktitle={WCET},
  year={2007}
}

@inproceedings{Sandberg:2006:FWF:1134650.1134666,
 author = {Sandberg, Christer and Ermedahl, Andreas and Gustafsson, Jan and Lisper, Bj\"{o}rn},
 title = {{Faster WCET Flow Analysis by Program Slicing}},
 booktitle = {ACM SIGPLAN/SIGBED Conference on Language, Compilers, and Tool Support for Embedded Systems},
 year = {2006}
} 

@inproceedings{Cousot:1977:AIU:512950.512973,
 author = {Cousot, Patrick and Cousot, Radhia},
 title = {{Abstract Interpretation: A Unified Lattice Model for Static Analysis of Programs by Construction or Approximation of Fixpoints}},
 booktitle = {ACM SIGACT-SIGPLAN Symposium on Principles of Programming Languages},
 year = {1977}
} 

@inproceedings{Gulwani:2009:SPE:1480881.1480898,
 author = {Gulwani, Sumit and Mehra, Krishna K. and Chilimbi, Trishul},
 title = {{SPEED: Precise and Efficient Static Estimation of Program Computational Complexity}},
 booktitle = {ACM SIGPLAN-SIGACT Symposium on Principles of Programming Languages},
 year = {2009}
} 

@inproceedings{Frost:2011:WAJ:2043910.2043916,
 author = {Frost, Christian and Jensen, Casper Svenning and Luckow, Kasper S{\o}e and Thomsen, Bent},
 title = {{WCET Analysis of Java Bytecode Featuring Common Execution Environments}},
 booktitle = {International Workshop on Java Technologies for Real-Time and Embedded Systems},
 year = {2011}
} 

@INPROCEEDINGS{6649675, 
author={Ardagna, C.A. and Damiani, E. and Sagbo, K.A.R.}, 
booktitle={IEEE International Conference on Services Computing (SCC)}, 
title={{Early Assessment of Service Performance Based on Simulation}}, 
year={2013}, 
}

@inproceedings{Michlmayr:2009:CQM:1657755.1657756,
 author = {Michlmayr, Anton and Rosenberg, Florian and Leitner, Philipp and Dustdar, Schahram},
 title = {{Comprehensive QoS Monitoring of Web Services and Event-based SLA Violation Detection}},
 booktitle = {International Workshop on Middleware for Service Oriented Computing},
 year = {2009}
} 

@inproceedings{Tripathy:2011:MMS:1980822.1980832,
 author = {Tripathy, Ajaya Kumar and Patra, Manas Ranjan},
 title = {{Modeling and Monitoring SLA for Service Based Systems}},
 booktitle = {International Conference on Intelligent Semantic Web-Services and Applications},
 year = {2011}
} 

@inproceedings{Raimondi:2008:EOM:1453101.1453125,
 author = {Raimondi, Franco and Skene, James and Emmerich, Wolfgang},
 title = {{Efficient Online Monitoring of Web-service SLAs}},
 booktitle = {ACM SIGSOFT International Symposium on Foundations of Software Engineering},
 year = {2008}
} 

@inproceedings{Bertolino:2007:SUS:1294904.1294914,
 author = {Bertolino, Antonia and De Angelis, Guglielmo and Sabetta, Antonino and Elbaum, Sebastian},
 title = {{Scaling Up SLA Monitoring in Pervasive Environments}},
 booktitle = {Workshop on Engineering of Software Services for Pervasive Environments},
 year = {2007}
} 

@inproceedings{Mahbub:2011:PSN:2061042.2062022,
 author = {Mahbub, Khaled and Spanoudakis, George},
 title = {{Proactive SLA Negotiation for Service Based Systems: Initial Implementation and Evaluation Experience}},
 booktitle = {IEEE International Conference on Services Computing},
 year = {2011}
} 

@inproceedings{Yaqub:2014:ONS:2680847.2681496,
 author = {Yaqub, Edwin and Yahyapour, Ramin and Wieder, Philipp and Kotsokalis, Constantinos and Lu, Kuan and Jehangiri, Ali Imran},
 title = {Optimal Negotiation of Service Level Agreements for Cloud-Based Services Through Autonomous Agents},
 booktitle = {IEEE International Conference on Services Computing},
 year = {2014},
} 

@INPROCEEDINGS{6546098, 
author={Linlin Wu and Garg, S.K. and Buyya, R. and Chao Chen and Versteeg, S.}, 
booktitle={IEEE/ACM International Symposium on Cluster, Cloud and Grid Computing}, 
title={{Automated SLA Negotiation Framework for Cloud Computing}}, 
year={2013}
}

@inproceedings{Chau:2008:ASM:1463788.1463802,
 author = {Chau, Tony and Muthusamy, Vinod and Jacobsen, Hans-Arno and Litani, Elena and Chan, Allen and Coulthard, Phil},
 title = {{Automating SLA Modeling}},
 booktitle = {Conference of the Center for Advanced Studies on Collaborative Research: Meeting of Minds},
 year = {2008}
} 

@inproceedings{Stamou:2013:SGM:2516588.2516592,
 author = {Stamou, Katerina and Kantere, Verena and Morin, Jean-Henry and Georgiou, Michael},
 title = {{A SLA Graph Model for Data Services}},
 booktitle = {International Workshop on Cloud Data Management},
 year = {2013}
}

@inproceedings{He:2013:TSC:2532443.2532449,
 author = {He, Huihong and Ma, Zhiyi and Chen, Hongjie and Shao, Weizhong},
 title = {{Towards an SLA-Driven Cache Adjustment Approach for Applications on PaaS}},
 booktitle = {Asia-Pacific Symposium on Internetware},
 year = {2013}
} 

@inproceedings{Skene:2004:PSL:998675.999422,
 author = {Skene, James and Lamanna, D. Davide and Emmerich, Wolfgang},
 title = {{Precise Service Level Agreements}},
 booktitle = {International Conference on Software Engineering},
 year = {2004}
} 

@INPROCEEDINGS{6976585, 
author={Bing Tang and Mingdong Tang}, 
booktitle={Theoretical Aspects of Software Engineering Conference (TASE)}, 
title={{Bayesian Model-Based Prediction of Service Level Agreement Violations for Cloud Services}}, 
year={2014}, 
}

@incollection{Leitner10,
year={2010},
isbn={978-3-642-16131-5},
booktitle={Service-Oriented Computing. ICSOC/ServiceWave 2009 Workshops},
volume={6275},
series={Lecture Notes in Computer Science},
editor={Dan, Asit and Gittler, Frédéric and Toumani, Farouk},
title={{Runtime Prediction of Service Level Agreement Violations for Composite Services}},
publisher={Springer Berlin Heidelberg},
author={Leitner, Philipp and Wetzstein, Branimir and Rosenberg, Florian and Michlmayr, Anton and Dustdar, Schahram and Leymann, Frank},
pages={176-186},
language={English}
}

@inproceedings{Duan:2006:PIP:1142473.1142582,
 author = {Duan, Songyun and Babu, Shivnath},
 title = {{Proactive Identification of Performance Problems}},
 booktitle = {ACM SIGMOD International Conference on Management of Data},
 year = {2006}
} 

@misc{ieeeapis,
  key = "IEEE APIs",
  year = {2015},
  title = {{IEEE Xplore Search Gateway}},
  note="\url{http://ieeexplore.ieee.org/gateway/} [Accessed March 2015]"
}

@misc{pweb,
  key = "ProgrammableWeb",
  title = {{ProgrammableWeb}},
  note = "\url{http://www.programmableweb.com} [Accessed March 2015]"  
}

@misc{whmemo,
  key = "whmemo",
  title = {{Presidential Memorandum - Building a 21st Century Digital Government}},
  note = "\url{http://www.whitehouse.gov/the-press-office/2012/05/23/presidential-memorandum-building-21st-century-digital-government} [Accessed March 2015]"
}

@misc{ucbapis,
  key = "Berkeley API Central",
  year = {2015},
  title = {{Berkeley API Central}},
  note = "\url{https://developer.berkeley.edu} [Accessed March 2015]"
}

@misc{whitehouseapis,
  key = "White House APIs",
  year = {2015},
  title = {{Agency Application Programming Interfaces}},
  note = "\url{http://www.whitehouse.gov/digitalgov/apis} [Accessed March 2015]"
}

@phdthesis{Fielding:2000:ASD:932295,
 author = {Fielding, Roy Thomas},
 title = {{Architectural Styles and the Design of Network-based Software Architectures}},
 year = {2000},
 isbn = {0-599-87118-0},
 note = {AAI9980887},
 school = {University of California, Irvine},
 publisher = {University of California, Irvine},
} 

@ARTICLE{6488671, 
author={Krintz, C.}, 
journal={Internet Computing, IEEE}, 
title={The AppScale Cloud Platform: Enabling Portable, Scalable Web Application Deployment}, 
year={2013}, 
month={March}, 
volume={17}, 
number={2}, 
pages={72-75}, 
keywords={application program interfaces;cloud computing;distributed processing;public domain software;API;AppScale cloud platform;GAE application;Google App Engine;PaaS;Web application deployment;application program interface;cloud application;cloud fabric;cloud infrastructure;cloud platform-as-a-service;open source distributed software system;Biological system modeling;Cloud computing;Engines;Fabrics;Google;Programming;GAE;Google App Engine;NoSQL;PaaS;Web services;cloud;cloud platform;hybrid cloud computing;open source;platform as a service;portability}, 
doi={10.1109/MIC.2013.38}, 
ISSN={1089-7801},}

@inproceedings{eucalyptus09,
  title={{The Eucalyptus open-source cloud-computing system}},
  author={Nurmi, Daniel and Wolski, Richard and Grzegorczyk, Chris and
Obertelli, Graziano and Soman, Sunil and Youseff, Lamia and Zagorodnov,
Dmitrii},
  booktitle={IEEE/ACM International Symposium on Cluster Computing and the Grid},
  year={2009}
}

@misc{aws-ec2-sla,
  key = "AWS EC2 SLA",
  year = {2015},
  note= "\url{http://aws.amazon.com/ec2/sla/} [Accessed March 2015]",
}
@misc{aws-s3-sla,
  key = "AWS S3 SLA",
  year = {2015},
  note= "\url{http://aws.amazon.com/s3/sla/} [Accessed March 2015]",
}
@misc{aws-rds-sla,
  key = "AWS RDS SLA",
  year = {2015},
  note= "\url{http://aws.amazon.com/rds/sla/} [Accessed March 2015]",
}
@misc{gae-sla,
  key = "Google Cloud Platform App Engine SLA",
  note= "\url{https://cloud.google.com/appengine/sla} [Accessed March 2015]",
}
@misc{gcs-sla,
  key = "Google Cloud Platform Cloud Storage SLA",
  year = {2015},
  note= "\url{https://cloud.google.com/storage/sla} [Accessed March 2015]",
}
@misc{bigquery-sla,
  key = "Google Cloud Platform Big Query SLA",
  year = {2015},
  note= "\url{https://cloud.google.com/bigquery/sla} [Accessed March 2015]",
}
@misc{paas-growth,
  author = "SearchCloudComputing",
  key = "Experts Forecast the 2015 Cloud Computing Market",
  year = {2015},
  note= "\url{http://searchcloudcomputing.techtarget.com/feature/Experts-forecast-the-2015-cloud-computing-market} [Accessed March 2015]",
}
@misc{azure-limits,
  key = "Microsoft Azure Cloud SDK Service Quotas and Limits",
  title = {{Microsoft Azure Cloud SDK Service Quotas and Limits}},
  note= "\url{http://azure.microsoft.com/en-us/documentation/articles/azure-subscription-service-limits/\#cloud-service-limits} [Accessed March 2015]",
}
@misc{gae-limits,
  key = "Google Cloud SDK Service Quotas and Limits",
  title = {{Google Cloud SDK Service Quotas and Limits}},
  note= "\url{https://cloud.google.com/appengine/docs/quotas} [Accessed March 2015]",
}
@misc{gae-fetch-options,
  key = "Google Datastore Fetch Options",
  note= "\url{https://cloud.google.com/appengine/docs/java/javadoc/com/google/appengine/api/datastore/FetchOptions} [Accessed March 2015]",
}
@misc{gartner-soa-gov,
  key = "Gartner, SOA Governance",
  title = {{Gartner, Magic Quadrant for Integrated SOA Governance Technology Sets, 2007}},
  note= "\url{https://www.gartner.com/doc/572713/magic-quadrant-integrated-soa-governance} [Accessed April 2016]",
}
@misc{nagios,
  key = "Nagios",
  title = {{Nagios - The Industry Standard in IT Infrastrucure Monitoring}},
  note= "\url{http://www.nagios.com} [Accessed April 2016]",
}
@misc{opennms,
  key = "OpenNMS",
  title = {{The OpenNMS Project}},
  note= "\url{http://www.opennms.org} [Accessed April 2016]",
}
@misc{shinken,
  key = "Shinken",
  title = {{Shinken Monitoring}},
  note= "\url{http://www.shinken-monitoring.org} [Accessed April 2016]",
}
@misc{zabbix,
  key = "Zabbix",
  title = {{Zabbix - The Enterprise-class Open Source Network Monitoring Solution}},
  note= "\url{http://www.zabbix.com} [Accessed April 2016]",
}
@misc{newrelic,
  key = "NewRelic",
  title = {{Application Performance Monitoring and Management - New Relic}},
  note= "\url{http://www.newrelic.com} [Accessed April 2016]",
}
@misc{datadog,
  key = "DataDog",
  title = {{Datadog - Cloud-scale Performance Monitoring}},
  note= "\url{http://www.datadoghq.com} [Accessed April 2016]",
}
@misc{dynatrace,
  key = "Dynatrace",
  title = {{Application Performance Monitoring and Management - Dynatrace}},
  note= "\url{http://www.dynatrace.com} [Accessed April 2016]",
}
@misc{what-is-soa,
  key = "What is SOA",
  title = {{What is SOA?}},
  note= "\url{http://www.opengroup.org/soa/source-book/soa/soa.htm} [Accessed April 2016]",
}
@misc{cloud-growth,
  key = "Cloud Growth",
  title = {{Roundup of Cloud Computing Forecasts and Market Estimates 2015}},
  note= "\url{http://www.forbes.com/sites/louiscolumbus/2015/01/24/roundup-of-cloud-computing-forecasts-and-market-estimates-2015} [Accessed May 2016]",
}
@inproceedings{eager-fop15,
  title={{EAGER: Deployment-time API Governance for Modern PaaS Clouds}},
  author={H. Jayathilaka and C. Krintz and R. Wolski},
  booktitle={{IC2E Workshop on the Future of PaaS}},
  year={2015},
}
@inproceedings{cerebro-soccsub15,
  title={{Response Time Service Level Agreements for Cloud-hosted Web Applications}},
  author={H. Jayathilaka and C. Krintz and R. Wolski},
  booktitle={{UCSB Technical Report 2015-04 \url"https://cs.ucsb.edu/research/tech-reports/2015-04"}},
  year={2015},
}

@techreport{euca-power-tr-14,
        author={Rich Wolski and John Brevik},
        title={{QPRED: Using Quantile Predictions to Improve Power Usage for
Private Clouds}},
        number={UCSB-CS-2014-06},
        institution={Computer Science Department of the University of
California, Santa Barbara},
        address={Santa Barbara, CA 93106},
        month={September},
        year={2014}
}

@inproceedings{Dib:2013:MOS:2465823.2465825,
 author = {D. Dib and N. Parlavantzas and C. Morin},
 title = {{Meryn: Open, SLA-driven, Cloud Bursting PaaS}},
 booktitle = {{Proceedings of the First ACM Workshop on Optimization Techniques for Resources Management in Clouds}},
 year = {2013},
} 

@article{brown2005framing,
  title={{Framing the frameworks: A review of IT governance research}},
  author={{Brown, Allen E and Grant, Gerald G}},
  journal={{Communications of the Association for Information Systems}},
  volume={15},
  number={1},
  pages={38},
  year={2005}
}

@INPROCEEDINGS{1254461, 
author={{M. P. Papazoglou}}, 
booktitle={{Web Information Systems Engineering, 2003. WISE 2003. Proceedings of the Fourth International Conference on}}, 
title={{Service-oriented computing: concepts, characteristics and directions}}, 
year={2003} 
}

@inproceedings{Schepers:2008:LAS:1363686.1363932,
 author = {Schepers, T. G. J. and Iacob, M. E. and Van Eck, P. A. T.},
 title = {{A Lifecycle Approach to SOA Governance}},
 booktitle = {Proceedings of the 2008 ACM Symposium on Applied Computing},
 year = {2008}
} 

@INPROCEEDINGS{5976827, 
author={A. M. Gutierrez and J. A. Parejo and P. Fernandez and A. Ruiz-Cortes}, 
booktitle={Policies for Distributed Systems and Networks (POLICY), 2011 IEEE International Symposium on}, 
title={{WS-Governance Tooling: SOA Governance Policies Analysis and Authoring}}, 
year={2011} 
}

@INPROCEEDINGS{4483228, 
author={T. Phan and J. Han and J. G. Schneider and T. Ebringer and T. Rogers}, 
booktitle={19th Australian Conference on Software Engineering (aswec 2008)}, 
title={{A Survey of Policy-Based Management Approaches for Service Oriented Systems}}, 
year={2008} 
}

@INPROCEEDINGS{4279691, 
author={Y. C. Zhou and X. P. Liu and E. Kahan and X. N. Wang and L. Xue and K. X. Zhou}, 
booktitle={IEEE International Conference on Web Services (ICWS 2007)}, 
title={{Context Aware Service Policy Orchestration}}, 
year={2007} 
}

@INPROCEEDINGS{5577268, 
author={F. Hojaji and M. R. A. Shirazi}, 
booktitle={2010 6th World Congress on Services}, 
title={{A Comprehensive SOA Governance Framework Based on COBIT}}, 
year={2010}
}

@INPROCEEDINGS{4730489, 
author={K. Y. Peng and S. C. Lui and M. T. Chen}, 
booktitle={Service-Oriented System Engineering, 2008. SOSE '08. IEEE International Symposium on}, 
title={{A Study of Design and Implementation on SOA Governance: A Service Oriented Monitoring and Alarming Perspective}}, 
year={2008} 
}

@INPROCEEDINGS{6478236, 
author={C. Xian-Peng and L. Bi-Ying and M. Rui-Fang}, 
booktitle={Services Computing Conference (APSCC), 2012 IEEE Asia-Pacific}, 
title={{An ITIL v3-Based Solution to SOA Governance}}, 
year={2012}
}

@INPROCEEDINGS{6930607, 
author={H. Jayathilaka and C. Krintz and R. Wolski}, 
booktitle={Services Computing (SCC), 2014 IEEE International Conference on}, 
title={{Towards Automatically Estimating Porting Effort between Web Service APIs}}, 
year={2014}
}

@article{jayathilaka2014using,
  title={{Using syntactic and semantic similarity of Web APIs to estimate porting effort}},
  author={Jayathilaka, Hiranya and Pucher, Alexander and Krintz, Chandra and Wolski, Rich},
  journal={International Journal of Services Computing},
  volume={2},
  number={4},
  year={2014}
}

@article{Dautov2014,
author="Dautov, Rustem and Paraskakis, Iraklis and Stannett, Mike",
title="Towards a framework for monitoring cloud application platforms as sensor networks",
journal="Cluster Computing",
year="2014",
volume="17",
number="4"
}

@INPROCEEDINGS{6912627, 
author={A. Corradi and L. Foschini and S. Fraternale and D. J. Arrojo and M. Steinder}, 
booktitle={2014 IEEE Symposium on Computers and Communications (ISCC)}, 
title={Monitoring applications and services to improve the Cloud Foundry PaaS}, 
year={2014}
}

@INPROCEEDINGS{5598229, 
author={J. P. Magalhaes and L. M. Silva}, 
booktitle={Network Computing and Applications (NCA), 2010 9th IEEE International Symposium on}, 
title={Detection of Performance Anomalies in Web-Based Applications}, 
year={2010}
}

@inproceedings{Magalhaes:2011:RAP:1982185.1982234,
 author = {Magalh\~{a}es, Jo\~{a}o Paulo and Silva, Luis Moura},
 title = {Root-cause Analysis of Performance Anomalies in Web-based Applications},
 booktitle = {Proceedings of the 2011 ACM Symposium on Applied Computing},
 year = {2011}
} 

@article{JSSv017i01,
   author = {Ulrike Groemping},
   title = {Relative Importance for Linear Regression in R: The Package relaimpo},
   journal = {Journal of Statistical Software},
   volume = {17},
   number = {1},
   year = {2006}
}

@article{Ibidunmoye:2015:PAD:2808687.2791120,
 author = {Ibidunmoye, Olumuyiwa and Hern\'{a}ndez-Rodriguez, Francisco and Elmroth, Erik},
 title = {Performance Anomaly Detection and Bottleneck Identification},
 journal = {ACM Comput. Surv.},
 volume = {48},
 number = {1},
 year = {2015}
} 

@article{killick2012optimal,
  title={Optimal detection of changepoints with a linear computational cost},
  author={Killick, Rebecca and Fearnhead, Paul and Eckley, IA},
  journal={Journal of the American Statistical Association},
  volume={107},
  number={500},
  year={2012}
}

@article{cl93,
 author = {Chung Chen, Lon-Mu Liu},
 journal = {Journal of the American Statistical Association},
 number = {421},
 title = {Joint Estimation of Model Parameters and Outlier Effects in Time Series},
 volume = {88},
 year = {1993}
}

@inproceedings{bereznay2006did,
  title={Did something change? using statistical techniques to interpret service and resource metrics},
  author={Bereznay, Frank M and Permanente, Kaiser},
  booktitle={Int. CMG Conference},
  pages={229--242},
  year={2006}
}

@inproceedings{Anwar:2015:ACM:2797022.2797039,
 author = {Anwar, Ali and Sailer, Anca and Kochut, Andrzej and Butt, Ali R.},
 title = {Anatomy of Cloud Monitoring and Metering: A Case Study and Open Problems},
 booktitle = {Proceedings of the 6th Asia-Pacific Workshop on Systems},
 year = {2015}
} 

@INPROCEEDINGS{6903538, 
author={C. Krintz and H. Jayathilaka and S. Dimopoulos and A. Pucher and R. Wolski and T. Bultan}, 
booktitle={Cloud Engineering (IC2E), 2014 IEEE International Conference on}, 
title={Cloud Platform Support for API Governance}, 
year={2014}
} 

@INPROCEEDINGS{7396174, 
author={H. Jayathilaka and C. Krintz and R. Wolski}, 
booktitle={2015 IEEE 7th International Conference on Cloud Computing Technology and Science (CloudCom)}, 
title={Service-Level Agreement Durability for Web Service Response Time}, 
year={2015}
}

@book{Antonopoulos:2010:CCP:1855007,
 author = {Antonopoulos, Nick and Gillam, Lee},
 title = {Cloud Computing: Principles, Systems and Applications},
 year = {2010},
 edition = {1st},
 publisher = {Springer Publishing Company, Incorporated},
} 

@inproceedings{Pinheiro:2014:ACC:2618168.2618188,
 author = {Pinheiro, Pedro and Aparicio, Manuela and Costa, Carlos},
 title = {Adoption of Cloud Computing Systems},
 booktitle = {Proceedings of the International Conference on Information Systems and Design of Communication},
 year = {2014}
}

@INPROCEEDINGS{Urbanek03rserve--,
    author = {Simon Urbanek},
    title = {Rserve -- A Fast Way to Provide R Functionality to Applications },
    booktitle = {Proc. of the 3rd international workshop on Distributed Statistical Computing (DSC 2003)},
    year = {2003}
}

@INPROCEEDINGS{4630116, 
author={L. Cherkasova and K. Ozonat and Ningfang Mi and J. Symons and E. Smirni}, 
booktitle={2008 IEEE International Conference on Dependable Systems and Networks With FTCS and DCC (DSN)}, 
title={Anomaly? application change? or workload change? towards automated detection of application performance anomaly and change}, 
year={2008}, 
pages={452-461}, 
doi={10.1109/DSN.2008.4630116}, 
ISSN={1530-0889}, 
month={June},}

@inproceedings{Dean:2014:PTR:2696535.2696551,
 author = {Dean, Daniel J. and Nguyen, Hiep and Wang, Peipei and Gu, Xiaohui},
 title = {PerfCompass: Toward Runtime Performance Anomaly Fault Localization for Infrastructure-as-a-service Clouds},
 booktitle = {Proceedings of the 6th USENIX Conference on Hot Topics in Cloud Computing},
 series = {HotCloud'14},
 year = {2014},
 location = {Philadelphia, PA},
 pages = {16--16},
 numpages = {1},
 url = {http://dl.acm.org/citation.cfm?id=2696535.2696551},
 acmid = {2696551},
 publisher = {USENIX Association},
 address = {Berkeley, CA, USA},
} 

@inproceedings{Magalhaes:2010:DPA:1906485.1906774,
 author = {Magalhaes, Joao Paulo and Silva, Luis Moura},
 title = {Detection of Performance Anomalies in Web-Based Applications},
 booktitle = {Proceedings of the 2010 Ninth IEEE International Symposium on Network Computing and Applications},
 series = {NCA '10},
 year = {2010},
 isbn = {978-0-7695-4118-1},
 pages = {60--67},
 numpages = {8},
 url = {http://dx.doi.org/10.1109/NCA.2010.15},
 doi = {10.1109/NCA.2010.15},
 acmid = {1906774},
 publisher = {IEEE Computer Society},
 address = {Washington, DC, USA},
 keywords = {Performance Anomaly, Fail-Stutter Model, AOP Monitoring, Dependability},
}

@inproceedings{Nguyen:2011:PPR:2038633.2038634,
 author = {Nguyen, Hiep and Tan, Yongmin and Gu, Xiaohui},
 title = {PAL: Propagation-aware Anomaly Localization for Cloud Hosted Distributed Applications},
 booktitle = {Managing Large-scale Systems via the Analysis of System Logs and the Application of Machine Learning Techniques},
 series = {SLAML '11},
 year = {2011},
 isbn = {978-1-4503-0978-3},
 location = {Cascais, Portugal},
 pages = {1:1--1:8},
 articleno = {1},
 numpages = {8},
 url = {http://doi.acm.org/10.1145/2038633.2038634},
 doi = {10.1145/2038633.2038634},
 acmid = {2038634},
 publisher = {ACM},
 address = {New York, NY, USA},
 keywords = {anomaly propagation, cloud computing, fault localization},
} 

@INPROCEEDINGS{6045942, 
author={Q. Guan and Z. Zhang and S. Fu}, 
booktitle={Availability, Reliability and Security (ARES), 2011 Sixth International Conference on}, 
title={Proactive Failure Management by Integrated Unsupervised and Semi-Supervised Learning for Dependable Cloud Systems}, 
year={2011}, 
pages={83-90}, 
doi={10.1109/ARES.2011.20}, 
month={Aug}
}

@article{Chandola:2009:ADS:1541880.1541882,
 author = {Chandola, Varun and Banerjee, Arindam and Kumar, Vipin},
 title = {Anomaly Detection: A Survey},
 journal = {ACM Comput. Surv.},
 issue_date = {July 2009},
 volume = {41},
 number = {3},
 month = jul,
 year = {2009},
 issn = {0360-0300},
 pages = {15:1--15:58},
 articleno = {15},
 numpages = {58},
 url = {http://doi.acm.org/10.1145/1541880.1541882},
 doi = {10.1145/1541880.1541882},
 acmid = {1541882},
 publisher = {ACM},
 address = {New York, NY, USA},
 keywords = {Anomaly detection, outlier detection},
} 

@ARTICLE{6311395, 
author={G. Casale and N. Mi and L. Cherkasova and E. Smirni}, 
journal={IEEE Transactions on Software Engineering}, 
title={Dealing with Burstiness in Multi-Tier Applications: Models and Their Parameterization}, 
year={2012}, 
volume={38}, 
number={5}, 
pages={1040-1053}, 
doi={10.1109/TSE.2011.87}, 
ISSN={0098-5589}, 
month={Sept}
}

@inproceedings{Malkowski:2007:BDU:1783374.1783389,
 author = {Malkowski, Simon and Hedwig, Markus and Parekh, Jason and Pu, Calton and Sahai, Akhil},
 title = {Bottleneck Detection Using Statistical Intervention Analysis},
 booktitle = {Proceedings of the Distributed Systems: Operations and Management 18th IFIP/IEEE International Conference on Managing Virtualization of Networks and Services},
 series = {DSOM'07},
 year = {2007},
 isbn = {3-540-75693-0, 978-3-540-75693-4},
 location = {San Jos\&\#233;, CA, USA},
 pages = {122--134},
 numpages = {13},
 url = {http://dl.acm.org/citation.cfm?id=1783374.1783389},
 acmid = {1783389},
 publisher = {Springer-Verlag},
 address = {Berlin, Heidelberg},
 keywords = {bottleneck detection, enterprise systems, perforance analysis, statistical analysis},
} 

@article{Wang:2014:WAD:2576249.2576482,
 author = {Wang, Tao and Wei, Jun and Zhang, Wenbo and Zhong, Hua and Huang, Tao},
 title = {Workload-aware Anomaly Detection for Web Applications},
 journal = {J. Syst. Softw.},
 issue_date = {March, 2014},
 volume = {89},
 month = mar,
 year = {2014},
 issn = {0164-1212},
 pages = {19--32},
 numpages = {14},
 url = {http://dx.doi.org/10.1016/j.jss.2013.03.060},
 doi = {10.1016/j.jss.2013.03.060},
 acmid = {2576482},
 publisher = {Elsevier Science Inc.},
 address = {New York, NY, USA},
 keywords = {Anomaly detection, Local outlier factor, Web applications},
} 

@inproceedings{Cohen:2004:CID:1251254.1251270,
 author = {Cohen, Ira and Goldszmidt, Moises and Kelly, Terence and Symons, Julie and Chase, Jeffrey S.},
 title = {Correlating Instrumentation Data to System States: A Building Block for Automated Diagnosis and Control},
 booktitle = {Proceedings of the 6th Conference on Symposium on Opearting Systems Design \& Implementation - Volume 6},
 series = {OSDI'04},
 year = {2004},
 location = {San Francisco, CA},
 pages = {16--16},
 numpages = {1},
 url = {http://dl.acm.org/citation.cfm?id=1251254.1251270},
 acmid = {1251270},
 publisher = {USENIX Association},
 address = {Berkeley, CA, USA},
} 

@inproceedings{Yu:2013:SNA:2494621.2494643,
 author = {Yu, Li and Lan, Zhiling},
 title = {A Scalable, Non-parametric Anomaly Detection Framework for Hadoop},
 booktitle = {Proceedings of the 2013 ACM Cloud and Autonomic Computing Conference},
 series = {CAC '13},
 year = {2013},
 isbn = {978-1-4503-2172-3},
 location = {Miami, Florida, USA},
 pages = {22:1--22:2},
 articleno = {22},
 numpages = {2},
 url = {http://doi.acm.org/10.1145/2494621.2494643},
 doi = {10.1145/2494621.2494643},
 acmid = {2494643},
 publisher = {ACM},
 address = {New York, NY, USA},
 keywords = {Hadoop, hierarchical grouping, non-parametric clustering, problem diagnosis},
}

@inproceedings{bhaduri2011detecting,
  title={Detecting abnormal machine characteristics in cloud infrastructures},
  author={Bhaduri, Kanishka and Das, Kamalika and Matthews, Bryan L},
  booktitle={2011 IEEE 11th International Conference on Data Mining Workshops},
  pages={137--144},
  year={2011},
  organization={IEEE}
}

@misc{paas-growth2,
  author = "Forbes",
  key = "Cloud Computing Forecasts and Market Estimates 2016",
  year = {2016},
  note= "\url{http://www.forbes.com/sites/louiscolumbus/2016/ 03/13/roundup-of-cloud-computing-forecasts-and-market-estimates-2016} [Accessed Sep 2016]",
}

@inproceedings{DaCunhaRodrigues:2016:MCC:2851613.2851619,
 author = {Da Cunha Rodrigues, Guilherme and Calheiros, Rodrigo N. and Guimaraes, Vinicius Tavares and Santos, Glederson Lessa dos and de Carvalho, M\'{a}rcio Barbosa and Granville, Lisandro Zambenedetti and Tarouco, Liane Margarida Rockenbach and Buyya, Rajkumar},
 title = {Monitoring of Cloud Computing Environments: Concepts, Solutions, Trends, and Future Directions},
 booktitle = {Proceedings of the 31st Annual ACM Symposium on Applied Computing},
 series = {SAC '16},
 year = {2016},
 isbn = {978-1-4503-3739-7},
 location = {Pisa, Italy},
 pages = {378--383},
 numpages = {6},
 url = {http://doi.acm.org/10.1145/2851613.2851619},
 doi = {10.1145/2851613.2851619},
 acmid = {2851619},
 publisher = {ACM},
 address = {New York, NY, USA},
 keywords = {cloud computing, cloud management, cloud monitoring},
} 

@misc{elasticsearch,
   key = "Elasticsearch",
   title = "Elasticsearch - Search and Analyze Data in Real Time",
   note = {\url "https://www.elastic.co/products/elasticsearch" [Accessed Sep 2016]},
   year={2016}
}

@inproceedings{Kononenko:2014:MMR:2597073.2597091,
 author = {Kononenko, Oleksii and Baysal, Olga and Holmes, Reid and Godfrey, Michael W.},
 title = {Mining Modern Repositories with Elasticsearch},
 booktitle = {Proceedings of the 11th Working Conference on Mining Software Repositories},
 series = {MSR 2014},
 year = {2014},
 isbn = {978-1-4503-2863-0},
 location = {Hyderabad, India},
 pages = {328--331},
 numpages = {4},
 url = {http://doi.acm.org/10.1145/2597073.2597091},
 doi = {10.1145/2597073.2597091},
 acmid = {2597091},
 publisher = {ACM},
 address = {New York, NY, USA},
 keywords = {Elasticsearch, agile data, scalability},
} 

@misc{logstash,
   key = "Logstash",
   title = "Logstash - Collect, Enrich and Transport Data",
   note = {\url "https://www.elastic.co/products/logstash" [Accessed Sep 2016]},
   year={2016}
}

@book{lmg80,
 author = {Lindeman R.H., Merenda P.F., Gold R.Z.},
 title = {Introduction to Bivariate and Multivariate Analysis},
 year = {1980},
 publisher = {Scott, Foresman, Glenview, IL},
} 

@article{doi:10.1080/01621459.2012.737745,
author = { R.   Killick  and  P.   Fearnhead  and  I. A.   Eckley },
title = {Optimal Detection of Changepoints With a Linear Computational Cost},
journal = {Journal of the American Statistical Association},
volume = {107},
number = {500},
pages = {1590-1598},
year = {2012},
doi = {10.1080/01621459.2012.737745},
}

@misc{protobuff,
  key = "Protocol Buffers",
  title = "Protocol Buffers",
  year = {2016},
  note= "\url{https://developers.google.com/protocol-buffers} [Accessed Sep 2016]",
}

@misc{cloudwatch,
  key = "Cloud Watch",
  title = "Amazon Cloud Watch",
  year = {2016},
  note= "\url{https://aws.amazon.com/cloudwatch} [Accessed Sep 2016]",
}

@misc{nagios,
  key = "Nagios",
  title = "Nagios: The Industry Standard in IT Infrastructure Monitoring",
  year = {2016},
  note= "\url{https://www.nagios.org} [Accessed Sep 2016]",
}

@article{Harlan:2003:NMN:860375.860378,
 author = {Harlan, Richard C.},
 title = {Network Management with Nagios},
 journal = {Linux J.},
 issue_date = {July 2003},
 volume = {2003},
 number = {111},
 month = jul,
 year = {2003},
 issn = {1075-3583},
 pages = {3--},
 url = {http://dl.acm.org/citation.cfm?id=860375.860378},
 acmid = {860378},
 publisher = {Belltown Media},
 address = {Houston, TX},
} 

@article{Tader:2010:SMZ:1883478.1883485,
 author = {Tader, Paul},
 title = {Server Monitoring with Zabbix},
 journal = {Linux J.},
 issue_date = {July 2010},
 volume = {2010},
 number = {195},
 month = jul,
 year = {2010},
 issn = {1075-3583},
 articleno = {7},
 url = {http://dl.acm.org/citation.cfm?id=1883478.1883485},
 acmid = {1883485},
 publisher = {Belltown Media},
 address = {Houston, TX},
} 

@misc{latency-matters,
  key = "Latency is Everywhere and it Costs Your Sales",
  year = {2009},
  note= "\url{http://highscalability.com/latency-everywhere-and-it-costs-you-sales-how-crush-it} [Accessed Sep 2016]",
}

@article{chen1993joint,
  title={Joint estimation of model parameters and outlier effects in time series},
  author={Chen, Chung and Liu, Lon-Mu},
  journal={Journal of the American Statistical Association},
  volume={88},
  number={421},
  pages={284--297},
  year={1993},
  publisher={Taylor \& Francis Group}
}

@book{smj2000,
 author = {Strum, Rick and Morris, Wayne and Jander, Mary},
 title = {Foundations of Service Level Management},
 year = {2000},
 publisher = {Pearson}
} 
