@inproceedings{Nurmi:2007:QQB:1791551.1791556,
 author = {Nurmi, Daniel and Brevik, John and Wolski, Rich},
 title = {{QBETS: Queue Bounds Estimation from Time Series}},
 booktitle = {International Conference on Job Scheduling Strategies for Parallel Processing},
 year = {2008}
} 

@inproceedings{Jayathilaka:2015:RTS:2806777.2806842,
 author = {Jayathilaka, Hiranya and Krintz, Chandra and Wolski, Rich},
 title = {Response Time Service Level Agreements for Cloud-hosted Web Applications},
 booktitle = {Proceedings of the Sixth ACM Symposium on Cloud Computing},
 series = {SoCC '15},
 year = {2015},
 isbn = {978-1-4503-3651-2},
 location = {Kohala Coast, Hawaii},
 pages = {315--328},
 numpages = {14},
 url = {http://doi.acm.org/10.1145/2806777.2806842},
 doi = {10.1145/2806777.2806842},
 acmid = {2806842},
 publisher = {ACM},
 address = {New York, NY, USA},
 keywords = {SLA, cloud computing, web APIs},
} 
