@INPROCEEDINGS{5948601, 
author={Iosup, A. and Yigitbasi, N. and Epema, D.}, 
booktitle={Cluster, Cloud and Grid Computing (CCGrid), 2011 11th IEEE/ACM International Symposium on}, 
title={{On the Performance Variability of Production Cloud Services}}, 
year={2011}
}

@article{Keller:2003:WFS:635430.635442,
 author = {Keller, Alexander and Ludwig, Heiko},
 title = {{The WSLA Framework: Specifying and Monitoring Service Level Agreements for Web Services}},
 journal = {J. Netw. Syst. Manage.},
 issue_date = {March 2003},
 volume = {11},
 number = {1},
 month = mar,
 year = {2003},
 publisher = {Plenum Press},
 address = {New York, NY, USA},
} 

@inproceedings{Jayathilaka:2015:RTS:2806777.2806842,
 author = {Jayathilaka, Hiranya and Krintz, Chandra and Wolski, Rich},
 title = {{Response Time Service Level Agreements for Cloud-hosted Web Applications}},
 booktitle = {Proceedings of the Sixth ACM Symposium on Cloud Computing},
 year = {2015},
} 


@inproceedings{Nurmi:2007:QQB:1791551.1791556,
 author = {Nurmi, Daniel and Brevik, John and Wolski, Rich},
 title = {{QBETS: Queue Bounds Estimation from Time Series}},
 booktitle = {International Conference on Job Scheduling Strategies for Parallel Processing},
 year = {2008}
} 

@inproceedings{uptime-bootstrap,
author={D. Nurmi and J. Brevik and R. Wolski},
title={{Modeling Machine Availability in Enterprise and Wide-area Distributed Computing Environments}},
booktitle={Proceedings of Europar 2005},
year={2005}
}

@inproceedings{quant-est,
title={{Quantifying Machine Availability in Networked and Desktop Grid Systems}},
author = {J. Brevik and D. Nurmi and R. Wolski},
booktitle = {Proceedings of CCGrid04},month = {April},
year = {2004}
}  

@inproceedings{ckpt-sched,
        title={{Model-Based Checkpoint Scheduling for Volatile Resource Environments}},
        author={D. Nurmi and R. Wolski and J. Brevik},
        booktitle={Proceedings of Cluster 2005},
        year = {2004}
}


@inproceedings{Vallee-Rai:2010:SJB:1925805.1925818,
 author = {Vall{\'e}e-Rai, Raja and Co, Phong and Gagnon, Etienne and Hendren, Laurie and Lam, Patrick and Sundaresan, Vijay},
 title = {{Soot: A Java Bytecode Optimization Framework}},
 booktitle = {CASCON First Decade High Impact Papers},
 year = {2010}
}

@phdthesis{bygde2010static,
  title={{Static WCET analysis based on abstract interpretation and counting of elements}},
  author={Bygde, Stefan},
  year={2010},
  school={M{\"a}lardalen University}
}

@inproceedings{Gulwani:2009:CRP:1542476.1542518,
 author = {Gulwani, Sumit and Jain, Sagar and Koskinen, Eric},
 title = {{Control-flow Refinement and Progress Invariants for Bound Analysis}},
 booktitle = {ACM SIGPLAN Conference on Programming Language Design and Implementation},
 year = {2009}
} 

@inproceedings{Lokuciejewski:2009:FPS:1545006.1545064,
 author = {Lokuciejewski, Paul and Cordes, Daniel and Falk, Heiko and Marwedel, Peter},
 title = {{A Fast and Precise Static Loop Analysis Based on Abstract Interpretation, Program Slicing and Polytope Models}},
 booktitle = {IEEE/ACM International Symposium on Code Generation and Optimization},
 year = {2009}
} 

@inproceedings{Hunt:2006:PCL:1167999.1168026,
 author = {Hunt, James J. and Siebert, Fridtjof B. and Schmitt, Peter H. and Tonin, Isabel},
 title = {{Provably Correct Loops Bounds for Realtime Java Programs}},
 booktitle = {International Workshop on Java Technologies for Real-time and Embedded Systems},
 year = {2006}
} 

@inproceedings{Allen:1970:CFA:800028.808479,
 author = {Allen, Frances E.},
 title = {{Control Flow Analysis}},
 booktitle = {Symposium on Compiler Optimization},
 year = {1970}
} 

@misc{gae,
   key = "Google App Engine",
   title = {{App Engine - Run your applications on a fully managed PaaS}},
   note = {\url "https://cloud.google.com/appengine" [Accessed March 2015]},
}
@misc{gae-sandbox,
   key = "Google App Engine Java Sandbox",
   title = {{Google App Engine Java Sandbox}},
   note = {\url "https://cloud.google.com/appengine/docs/java/\#Java\_ The\_sandbox" [Accessed March 2015]},
   year={2015}
}
@misc{azure-web,
   key = "Microsoft Windows Azure",
   title = "Microsoft Windows Azure",
   note = {\url "http://www.microsoft.com/windowsazure/" [Accessed March 2015]},
}

@misc{amazon-aws-web,
    key = "Amazon AWS",
    title = {{Amazon Web Services} home page},
    note  = {\url{http://aws.amazon.com/} [Accessed March 2015]},
    year = 2015
}

@misc{github,
   key = "GitHub",
   title = "GitHub - Build software better, together",
   note = {\url "https://github.com" [Accessed March 2015]},
   year={2015}
}

@book{Aho:1986:CPT:6448,
 author = {Aho, Alfred V. and Sethi, Ravi and Ullman, Jeffrey D.},
 title = {Compilers: Principles, Techniques, and Tools},
 year = {1986},
 isbn = {0-201-10088-6},
 publisher = {Addison-Wesley Longman Publishing Co., Inc.},
 address = {Boston, MA, USA},
} 

@book{Morgan:1998:BOC:288765,
 author = {Morgan, Robert},
 title = {Building an Optimizing Compiler},
 year = {1998},
 isbn = {1-55558-179-X},
 publisher = {Digital Press},
 address = {Newton, MA, USA},
} 

@book{Muchnick:1998:ACD:286076,
 author = {Muchnick, Steven S.},
 title = {Advanced Compiler Design and Implementation},
 year = {1997},
 isbn = {1-55860-320-4},
 publisher = {Morgan Kaufmann Publishers Inc.},
 address = {San Francisco, CA, USA},
} 

@article{Wilhelm:2008:WEP:1347375.1347389,
 author = {Wilhelm, Reinhard and Engblom, Jakob and Ermedahl, Andreas and Holsti, Niklas and Thesing, Stephan and Whalley, David and Bernat, Guillem and Ferdinand, Christian and Heckmann, Reinhold and Mitra, Tulika and Mueller, Frank and Puaut, Isabelle and Puschner, Peter and Staschulat, Jan and Stenstr\"{o}m, Per},
 title = {{The Worst-case Execution-time Problem\&Mdash;Overview of Methods and Survey of Tools}},
 journal = {ACM Trans. Embed. Comput. Syst.},
 issue_date = {April 2008},
 volume = {7},
 number = {3},
 month = may,
 year = {2008}
} 

@inproceedings{ermedahl2007loop,
  title={{Loop Bound Analysis based on a Combination of Program Slicing, Abstract Interpretation, and Invariant Analysis.}},
  author={Ermedahl, Andreas and Sandberg, Christer and Gustafsson, Jan and Bygde, Stefan and Lisper, Bj{\"o}rn},
  booktitle={WCET},
  year={2007}
}

@inproceedings{Sandberg:2006:FWF:1134650.1134666,
 author = {Sandberg, Christer and Ermedahl, Andreas and Gustafsson, Jan and Lisper, Bj\"{o}rn},
 title = {{Faster WCET Flow Analysis by Program Slicing}},
 booktitle = {ACM SIGPLAN/SIGBED Conference on Language, Compilers, and Tool Support for Embedded Systems},
 year = {2006}
} 

@inproceedings{Cousot:1977:AIU:512950.512973,
 author = {Cousot, Patrick and Cousot, Radhia},
 title = {{Abstract Interpretation: A Unified Lattice Model for Static Analysis of Programs by Construction or Approximation of Fixpoints}},
 booktitle = {ACM SIGACT-SIGPLAN Symposium on Principles of Programming Languages},
 year = {1977}
} 

@inproceedings{Gulwani:2009:SPE:1480881.1480898,
 author = {Gulwani, Sumit and Mehra, Krishna K. and Chilimbi, Trishul},
 title = {{SPEED: Precise and Efficient Static Estimation of Program Computational Complexity}},
 booktitle = {ACM SIGPLAN-SIGACT Symposium on Principles of Programming Languages},
 year = {2009}
} 

@inproceedings{Frost:2011:WAJ:2043910.2043916,
 author = {Frost, Christian and Jensen, Casper Svenning and Luckow, Kasper S{\o}e and Thomsen, Bent},
 title = {{WCET Analysis of Java Bytecode Featuring Common Execution Environments}},
 booktitle = {International Workshop on Java Technologies for Real-Time and Embedded Systems},
 year = {2011}
} 

@INPROCEEDINGS{6649675, 
author={Ardagna, C.A. and Damiani, E. and Sagbo, K.A.R.}, 
booktitle={IEEE International Conference on Services Computing (SCC)}, 
title={{Early Assessment of Service Performance Based on Simulation}}, 
year={2013}, 
}

@inproceedings{Michlmayr:2009:CQM:1657755.1657756,
 author = {Michlmayr, Anton and Rosenberg, Florian and Leitner, Philipp and Dustdar, Schahram},
 title = {{Comprehensive QoS Monitoring of Web Services and Event-based SLA Violation Detection}},
 booktitle = {International Workshop on Middleware for Service Oriented Computing},
 year = {2009}
} 

@inproceedings{Tripathy:2011:MMS:1980822.1980832,
 author = {Tripathy, Ajaya Kumar and Patra, Manas Ranjan},
 title = {{Modeling and Monitoring SLA for Service Based Systems}},
 booktitle = {International Conference on Intelligent Semantic Web-Services and Applications},
 year = {2011}
} 

@inproceedings{Raimondi:2008:EOM:1453101.1453125,
 author = {Raimondi, Franco and Skene, James and Emmerich, Wolfgang},
 title = {{Efficient Online Monitoring of Web-service SLAs}},
 booktitle = {ACM SIGSOFT International Symposium on Foundations of Software Engineering},
 year = {2008}
} 

@inproceedings{Bertolino:2007:SUS:1294904.1294914,
 author = {Bertolino, Antonia and De Angelis, Guglielmo and Sabetta, Antonino and Elbaum, Sebastian},
 title = {{Scaling Up SLA Monitoring in Pervasive Environments}},
 booktitle = {Workshop on Engineering of Software Services for Pervasive Environments},
 year = {2007}
} 

@inproceedings{Mahbub:2011:PSN:2061042.2062022,
 author = {Mahbub, Khaled and Spanoudakis, George},
 title = {{Proactive SLA Negotiation for Service Based Systems: Initial Implementation and Evaluation Experience}},
 booktitle = {IEEE International Conference on Services Computing},
 year = {2011}
} 

@inproceedings{Yaqub:2014:ONS:2680847.2681496,
 author = {Yaqub, Edwin and Yahyapour, Ramin and Wieder, Philipp and Kotsokalis, Constantinos and Lu, Kuan and Jehangiri, Ali Imran},
 title = {Optimal Negotiation of Service Level Agreements for Cloud-Based Services Through Autonomous Agents},
 booktitle = {IEEE International Conference on Services Computing},
 year = {2014},
} 

@INPROCEEDINGS{6546098, 
author={Linlin Wu and Garg, S.K. and Buyya, R. and Chao Chen and Versteeg, S.}, 
booktitle={IEEE/ACM International Symposium on Cluster, Cloud and Grid Computing}, 
title={{Automated SLA Negotiation Framework for Cloud Computing}}, 
year={2013}
}

@inproceedings{Chau:2008:ASM:1463788.1463802,
 author = {Chau, Tony and Muthusamy, Vinod and Jacobsen, Hans-Arno and Litani, Elena and Chan, Allen and Coulthard, Phil},
 title = {{Automating SLA Modeling}},
 booktitle = {Conference of the Center for Advanced Studies on Collaborative Research: Meeting of Minds},
 year = {2008}
} 

@inproceedings{Stamou:2013:SGM:2516588.2516592,
 author = {Stamou, Katerina and Kantere, Verena and Morin, Jean-Henry and Georgiou, Michael},
 title = {{A SLA Graph Model for Data Services}},
 booktitle = {International Workshop on Cloud Data Management},
 year = {2013}
}

@inproceedings{He:2013:TSC:2532443.2532449,
 author = {He, Huihong and Ma, Zhiyi and Chen, Hongjie and Shao, Weizhong},
 title = {{Towards an SLA-Driven Cache Adjustment Approach for Applications on PaaS}},
 booktitle = {Asia-Pacific Symposium on Internetware},
 year = {2013}
} 

@inproceedings{Skene:2004:PSL:998675.999422,
 author = {Skene, James and Lamanna, D. Davide and Emmerich, Wolfgang},
 title = {{Precise Service Level Agreements}},
 booktitle = {International Conference on Software Engineering},
 year = {2004}
} 

@INPROCEEDINGS{6976585, 
author={Bing Tang and Mingdong Tang}, 
booktitle={Theoretical Aspects of Software Engineering Conference (TASE)}, 
title={{Bayesian Model-Based Prediction of Service Level Agreement Violations for Cloud Services}}, 
year={2014}, 
}

@incollection{Leitner10,
year={2010},
isbn={978-3-642-16131-5},
booktitle={Service-Oriented Computing. ICSOC/ServiceWave 2009 Workshops},
volume={6275},
series={Lecture Notes in Computer Science},
editor={Dan, Asit and Gittler, Frédéric and Toumani, Farouk},
title={{Runtime Prediction of Service Level Agreement Violations for Composite Services}},
publisher={Springer Berlin Heidelberg},
author={Leitner, Philipp and Wetzstein, Branimir and Rosenberg, Florian and Michlmayr, Anton and Dustdar, Schahram and Leymann, Frank},
pages={176-186},
language={English}
}

@inproceedings{Duan:2006:PIP:1142473.1142582,
 author = {Duan, Songyun and Babu, Shivnath},
 title = {{Proactive Identification of Performance Problems}},
 booktitle = {ACM SIGMOD International Conference on Management of Data},
 year = {2006}
} 

@misc{ieeeapis,
  key = "IEEE APIs",
  year = {2015},
  title = {{IEEE Xplore Search Gateway}},
  note="\url{http://ieeexplore.ieee.org/gateway/} [Accessed March 2015]"
}

@misc{pweb,
  key = "ProgrammableWeb",
  title = {{ProgrammableWeb}},
  note = "\url{http://www.programmableweb.com} [Accessed March 2015]"  
}

@misc{whmemo,
  key = "whmemo",
  title = {{Presidential Memorandum - Building a 21st Century Digital Government}},
  note = "\url{http://www.whitehouse.gov/the-press-office/2012/05/23/presidential-memorandum-building-21st-century-digital-government} [Accessed March 2015]"
}

@misc{ucbapis,
  key = "Berkeley API Central",
  year = {2015},
  title = {{Berkeley API Central}},
  note = "\url{https://developer.berkeley.edu} [Accessed March 2015]"
}

@misc{whitehouseapis,
  key = "White House APIs",
  year = {2015},
  title = {{Agency Application Programming Interfaces}},
  note = "\url{http://www.whitehouse.gov/digitalgov/apis} [Accessed March 2015]"
}

@phdthesis{Fielding:2000:ASD:932295,
 author = {Fielding, Roy Thomas},
 title = {{Architectural Styles and the Design of Network-based Software Architectures}},
 year = {2000},
 isbn = {0-599-87118-0},
 note = {AAI9980887},
 school = {University of California, Irvine},
 publisher = {University of California, Irvine},
} 

@ARTICLE{6488671, 
author={Krintz, C.}, 
journal={Internet Computing, IEEE}, 
title={The AppScale Cloud Platform: Enabling Portable, Scalable Web Application Deployment}, 
year={2013}, 
month={March}, 
volume={17}, 
number={2}, 
pages={72-75}, 
keywords={application program interfaces;cloud computing;distributed processing;public domain software;API;AppScale cloud platform;GAE application;Google App Engine;PaaS;Web application deployment;application program interface;cloud application;cloud fabric;cloud infrastructure;cloud platform-as-a-service;open source distributed software system;Biological system modeling;Cloud computing;Engines;Fabrics;Google;Programming;GAE;Google App Engine;NoSQL;PaaS;Web services;cloud;cloud platform;hybrid cloud computing;open source;platform as a service;portability}, 
doi={10.1109/MIC.2013.38}, 
ISSN={1089-7801},}

@inproceedings{eucalyptus09,
  title={{The Eucalyptus open-source cloud-computing system}},
  author={Nurmi, Daniel and Wolski, Richard and Grzegorczyk, Chris and
Obertelli, Graziano and Soman, Sunil and Youseff, Lamia and Zagorodnov,
Dmitrii},
  booktitle={IEEE/ACM International Symposium on Cluster Computing and the Grid},
  year={2009}
}

@misc{aws-ec2-sla,
  key = "AWS EC2 SLA",
  year = {2015},
  note= "\url{http://aws.amazon.com/ec2/sla/} [Accessed March 2015]",
}
@misc{aws-s3-sla,
  key = "AWS S3 SLA",
  year = {2015},
  note= "\url{http://aws.amazon.com/s3/sla/} [Accessed March 2015]",
}
@misc{aws-rds-sla,
  key = "AWS RDS SLA",
  year = {2015},
  note= "\url{http://aws.amazon.com/rds/sla/} [Accessed March 2015]",
}
@misc{gae-sla,
  key = "Google Cloud Platform App Engine SLA",
  note= "\url{https://cloud.google.com/appengine/sla} [Accessed March 2015]",
}
@misc{gcs-sla,
  key = "Google Cloud Platform Cloud Storage SLA",
  year = {2015},
  note= "\url{https://cloud.google.com/storage/sla} [Accessed March 2015]",
}
@misc{bigquery-sla,
  key = "Google Cloud Platform Big Query SLA",
  year = {2015},
  note= "\url{https://cloud.google.com/bigquery/sla} [Accessed March 2015]",
}
@misc{paas-growth,
  author = "SearchCloudComputing",
  key = "Experts Forecast the 2015 Cloud Computing Market",
  year = {2015},
  note= "\url{http://searchcloudcomputing.techtarget.com/feature/Experts-forecast-the-2015-cloud-computing-market} [Accessed March 2015]",
}
@misc{azure-limits,
  key = "Microsoft Azure Cloud SDK Service Quotas and Limits",
  title = {{Microsoft Azure Cloud SDK Service Quotas and Limits}},
  note= "\url{http://azure.microsoft.com/en-us/documentation/articles/azure-subscription-service-limits/\#cloud-service-limits} [Accessed March 2015]",
}
@misc{gae-limits,
  key = "Google Cloud SDK Service Quotas and Limits",
  title = {{Google Cloud SDK Service Quotas and Limits}},
  note= "\url{https://cloud.google.com/appengine/docs/quotas} [Accessed March 2015]",
}
@misc{gae-fetch-options,
  key = "Google Datastore Fetch Options",
  note= "\url{https://cloud.google.com/appengine/docs/java/javadoc/com/google/appengine/api/datastore/FetchOptions} [Accessed March 2015]",
}
@misc{gartner-soa-gov,
  key = "Gartner, SOA Governance",
  title = {{Gartner, Magic Quadrant for Integrated SOA Governance Technology Sets, 2007}},
  note= "\url{https://www.gartner.com/doc/572713/magic-quadrant-integrated-soa-governance} [Accessed April 2016]",
}
@misc{what-is-soa,
  key = "What is SOA",
  title = {{What is SOA?}},
  note= "\url{http://www.opengroup.org/soa/source-book/soa/soa.htm} [Accessed April 2016]",
}
@inproceedings{eager-fop15,
  title={{EAGER: Deployment-time API Governance for Modern PaaS Clouds}},
  author={H. Jayathilaka and C. Krintz and R. Wolski},
  booktitle={{IC2E Workshop on the Future of PaaS}},
  year={2015},
}
@inproceedings{cerebro-soccsub15,
  title={{Response Time Service Level Agreements for Cloud-hosted Web Applications}},
  author={H. Jayathilaka and C. Krintz and R. Wolski},
  booktitle={{UCSB Technical Report 2015-04 \url"https://cs.ucsb.edu/research/tech-reports/2015-04"}},
  year={2015},
}

@techreport{euca-power-tr-14,
        author={Rich Wolski and John Brevik},
        title={{QPRED: Using Quantile Predictions to Improve Power Usage for
Private Clouds}},
        number={UCSB-CS-2014-06},
        institution={Computer Science Department of the University of
California, Santa Barbara},
        address={Santa Barbara, CA 93106},
        month={September},
        year={2014}
}

@inproceedings{Dib:2013:MOS:2465823.2465825,
 author = {D. Dib and N. Parlavantzas and C. Morin},
 title = {{Meryn: Open, SLA-driven, Cloud Bursting PaaS}},
 booktitle = {{Proceedings of the First ACM Workshop on Optimization Techniques for Resources Management in Clouds}},
 year = {2013},
} 

@article{brown2005framing,
  title={{Framing the frameworks: A review of IT governance research}},
  author={{Brown, Allen E and Grant, Gerald G}},
  journal={{Communications of the Association for Information Systems}},
  volume={15},
  number={1},
  pages={38},
  year={2005}
}

@INPROCEEDINGS{1254461, 
author={{M. P. Papazoglou}}, 
booktitle={{Web Information Systems Engineering, 2003. WISE 2003. Proceedings of the Fourth International Conference on}}, 
title={{Service-oriented computing: concepts, characteristics and directions}}, 
year={2003} 
}
