@article{Ibidunmoye:2015:PAD:2808687.2791120,
 author = {Ibidunmoye, Olumuyiwa and Hern\'{a}ndez-Rodriguez, Francisco and Elmroth, Erik},
 title = {Performance Anomaly Detection and Bottleneck Identification},
 journal = {ACM Comput. Surv.},
 issue_date = {September 2015},
 volume = {48},
 number = {1},
 month = jul,
 year = {2015},
 issn = {0360-0300},
 pages = {4:1--4:35},
 articleno = {4},
 numpages = {35},
 url = {http://doi.acm.org/10.1145/2791120},
 doi = {10.1145/2791120},
 acmid = {2791120},
 publisher = {ACM},
 address = {New York, NY, USA},
} 

@INPROCEEDINGS{Urbanek03rserve--,
    author = {Simon Urbanek},
    title = {Rserve -- A Fast Way to Provide R Functionality to Applications },
    booktitle = {Proc. of the 3rd international workshop on Distributed Statistical Computing (DSC 2003)},
    year = {2003},
    publisher = {}
}
