@inproceedings{Dan:2008:SSR:1370916.1370923,
 author = {Dan, Asit and Johnson, Robert D. and Carrato, Tony},
 title = {{SOA service reuse by design}},
 booktitle = {Proceedings of the 2nd international workshop on Systems development in SOA environments},
 series = {SDSOA '08},
 year = {2008},
 isbn = {978-1-60558-029-6},
 location = {Leipzig, Germany},
 pages = {25--28},
 numpages = {4},
 url = {http://doi.acm.org/10.1145/1370916.1370923},
 doi = {10.1145/1370916.1370923},
 acmid = {1370923},
 publisher = {ACM},
 address = {New York, NY, USA},
 keywords = {business glossary, service enhancement, service level agreement, service monitoring and management, service registry, service reuse, soa governance},
}

@misc{gae,
   key = "Google App Engine",
   title = {{Google App Engine}},
   note = {\url "http://code.google.com/appengine/"}
}

@misc{pweb,
   key = "ProgrammableWeb",
   title = {{ProgrammableWeb}},
   note = {\url "http://programmableweb.com"}
}

@misc{devops,
  title = {{DevOps}},
  howpublished = "\url{http://en.wikipedia.org/wiki/DevOps}",
  year = {2013},
  note = "[Online; accessed 27-September-2013]",
  key = "DevOps"
}

@INPROCEEDINGS{6930607, 
author={Jayathilaka, Hiranya and Krintz, Chandra and Wolski, Rich}, 
booktitle={Services Computing (SCC), 2014 IEEE International Conference on}, 
title={{Towards Automatically Estimating Porting Effort between Web Service APIs}}, 
year={2014}, 
month={June}, 
pages={774-781}, 
keywords={Porting effort;Semantic similarity;Web APIs}, 
doi={10.1109/SCC.2014.105},}

@article{dice1945,
     jstor_articletype = {research-article},
     title = {Measures of the Amount of Ecologic Association Between Species},
     author = {Dice, Lee R.},
     journal = {Ecology},
     volume = {26},
     number = {3},
     year = {1945},
}

@article{Hoare:1969:ABC:363235.363259,
 author = {Hoare, C. A. R.},
 title = {An axiomatic basis for computer programming},
 journal = {Commun. ACM},
 issue_date = {Oct. 1969},
 volume = {12},
 number = {10},
 month = oct,
 year = {1969},
 issn = {0001-0782},
 pages = {576--580},
 numpages = {5},
 url = {http://doi.acm.org/10.1145/363235.363259},
 doi = {10.1145/363235.363259},
 acmid = {363259},
 publisher = {ACM},
 address = {New York, NY, USA},
 keywords = {axiomatic method, formal language definition, machine-independent programming, program documentation, programming language design, theory of programming' proofs of programs},
} 

@inproceedings{krintzappscale13,
  title={The AppScale Cloud Platform: Enabling Portable, Scalable Web Application Deployment},
  author={Krintz, Chandra},
  booktitle={Internet Computing},
  year={2013},
  organization={IEEE}
}

@INPROCEEDINGS{6903538, 
author={Krintz, C. and Jayathilaka, H. and Dimopoulos, S. and Pucher, A. and Wolski, R. and Bultan, T.}, 
booktitle={Cloud Engineering (IC2E), 2014 IEEE International Conference on}, 
title={{Cloud Platform Support for API Governance}}, 
year={2014}, 
month={March}, 
pages={615-618}, 
keywords={application program interfaces;cloud computing;product life cycle management;API governance;EAGER;Service-izing digital assets;Web applications;Web-accessible services;cloud PaaS;cloud computing;cloud platform support;cloud platforms-as-a-service;cloud-like model;lifecycle management;mobile applications;network accessible application programming interfaces;policy-based control;scalable information technology;Cloud computing;Computational modeling;Runtime;Semantics;Syntactics;API Governance;API similarity;PaaS;cloud platforms}, 
doi={10.1109/IC2E.2014.90},}

@phdthesis{bygde2010static,
  title={Static WCET analysis based on abstract interpretation and counting of elements},
  author={Bygde, Stefan},
  year={2010},
  school={M{\"a}lardalen University}
}

@InProceedings{ermedahl_et_al:OASIcs:2007:1194,
  author =	{Andreas Ermedahl and Christer Sandberg and Jan Gustafsson and Stefan Bygde and Bj{\"o}rn Lisper},
  title =	{{Loop Bound Analysis based on a Combination of Program Slicing, Abstract Interpretation, and Invariant Analysis}},
  booktitle =	{7th International Workshop on Worst-Case Execution Time Analysis (WCET'07)},
  series =	{OpenAccess Series in Informatics (OASIcs)},
  ISBN =	{978-3-939897-05-7},
  ISSN =	{2190-6807},
  year =	{2007},
  volume =	{6},
  editor =	{Christine Rochange},
  publisher =	{Schloss Dagstuhl--Leibniz-Zentrum fuer Informatik},
  address =	{Dagstuhl, Germany},
  URL =		{http://drops.dagstuhl.de/opus/volltexte/2007/1194},
  URN =		{urn:nbn:de:0030-drops-11946},
  doi =		{http://dx.doi.org/10.4230/OASIcs.WCET.2007.1194},
  annote =	{Keywords: WCET analysis, loop-bound analysis, program slicing, abstract interpretation, invariant analysis}
}

@inproceedings{Yeh:1991:TAT:123465.123475,
 author = {Yeh, Tse-Yu and Patt, Yale N.},
 title = {Two-level Adaptive Training Branch Prediction},
 booktitle = {Proceedings of the 24th Annual International Symposium on Microarchitecture},
 series = {MICRO 24},
 year = {1991},
 isbn = {0-89791-460-0},
 location = {Albuquerque, New Mexico, Puerto Rico},
 pages = {51--61},
 numpages = {11},
 url = {http://doi.acm.org/10.1145/123465.123475},
 doi = {10.1145/123465.123475},
 acmid = {123475},
 publisher = {ACM},
 address = {New York, NY, USA},
} 

@inproceedings{Nurmi:2007:QQB:1791551.1791556,
 author = {Nurmi, Daniel and Brevik, John and Wolski, Rich},
 title = {QBETS: Queue Bounds Estimation from Time Series},
 booktitle = {Proceedings of the 13th International Conference on Job Scheduling Strategies for Parallel Processing},
 series = {JSSPP'07},
 year = {2008},
 isbn = {3-540-78698-8, 978-3-540-78698-6},
 location = {Seattle, WA, USA},
 pages = {76--101},
 numpages = {26},
 url = {http://dl.acm.org/citation.cfm?id=1791551.1791556},
 acmid = {1791556},
 publisher = {Springer-Verlag},
 address = {Berlin, Heidelberg},
} 

@INPROCEEDINGS{738528, 
author={Baxter, I.D. and Yahin, A. and Moura, L. and Sant'Anna, M. and Bier, L.}, 
booktitle={Software Maintenance, 1998. Proceedings., International Conference on}, 
title={Clone detection using abstract syntax trees}, 
year={1998}, 
month={Nov}, 
pages={368-377}, 
keywords={C language;program compilers;program diagnostics;reverse engineering;software maintenance;trees (mathematics);C production software system;abstract syntax trees;arbitrary program fragments;clone detection;clone removal;common sub expressions;commutative operands;compiler method;detected clones;domain concepts;duplicate code;equivalent statement sequences;exact tree matches;in-lined procedures;large scale computer programs;lexems;macro bodies;macro invocations;mechanical methods;near miss clones;nearly exact matches;program source code;program structure;reverse engineering;software maintenance costs;standard preprocessor macros;structured code;Cloning;Costs;Encapsulation;Large-scale systems;Production systems;Programming profession;Software engineering;Software maintenance;Software systems;World Wide Web}, 
doi={10.1109/ICSM.1998.738528}, 
ISSN={1063-6773},}

@inproceedings{eucalyptus09,
  title={The eucalyptus open-source cloud-computing system},
  author={Nurmi, Daniel and Wolski, Richard and Grzegorczyk, Chris and
Obertelli, Graziano and Soman, Sunil and Youseff, Lamia and Zagorodnov,
Dmitrii},
  booktitle={Cluster Computing and the Grid, 2009. CCGRID'09. 9th IEEE/ACM
International Symposium on},
  pages={124--131},
  year={2009},
  organization={IEEE}
}

@misc{apigee,
   key = "apigee",
   title = {{Enterprise API Management and API Strategy} -- \url{http://apigee.com/about/}},
}

@misc{layer7,
   key = "layer7",
   title = {{Enterprise API Management - Layer 7 Technologies} -- \url{http://www.layer7tech.com}},
}

@misc{mashery,
   key = "mashery",
   title = {Mashery -- \url{http://www.mashery.com}},
}

@misc{wso2am,
   key = "wso2am",
   title = {{WSO2 API Manager} -- \url{http://wso2.com/products/api-manager/}},
}
