@inproceedings{Nurmi:2007:QQB:1791551.1791556,
 author = {Nurmi, Daniel and Brevik, John and Wolski, Rich},
 title = {QBETS: Queue Bounds Estimation from Time Series},
 booktitle = {Proceedings of the 13th International Conference on Job Scheduling Strategies for Parallel Processing},
 series = {JSSPP'07},
 year = {2008},
 isbn = {3-540-78698-8, 978-3-540-78698-6},
 location = {Seattle, WA, USA},
 pages = {76--101},
 numpages = {26},
 url = {http://dl.acm.org/citation.cfm?id=1791551.1791556},
 acmid = {1791556},
 publisher = {Springer-Verlag},
 address = {Berlin, Heidelberg},
} 
