@inproceedings{Nurmi:2007:QQB:1791551.1791556,
 author = {Nurmi, Daniel and Brevik, John and Wolski, Rich},
 title = {{QBETS: Queue Bounds Estimation from Time Series}},
 booktitle = {International Conference on Job Scheduling Strategies for Parallel Processing},
 year = {2008}
}