@string {TOCS = "ACM Transactions on Computer Systems"}
@string {SIGMETRICPerfEval = "ACM Transactions on Computer Systems"}
@string {CACM = "Communications of the ACM"}

@article{balterdowney97,
        author = {Mor Harchol-Balter and Allen Downey},
        title={Exploting Process Lifetime Distributions for Dynamic Load
Balancing},
        journal = TOCS,
        volume = {15},
	number = {3},
        pages = {253-285},
        month = {August},
        year = {1997}
}

@techreport{nistcloud2011,
	author={Peter Mell and Timothy Grance},
	title={The {N}{I}{S}{T} Definition of Cloud Computing},
	number={SP800-145},
	institution={National Institute of Standards and Technology},
	address={U.S. Department of Commerce},
	month={September},
	year={2011}
}

@article{Haines:2010:SAM:1787234.1787269,
 author = {Haines, Marc N. and Rothenberger, Marcus A.},
 title = {How a Service-oriented Architecture May Change the Software Development Process},
 journal = {Commun. ACM},
 issue_date = {August 2010},
 volume = {53},
 number = {8},
 month = aug,
 year = {2010},
 issn = {0001-0782},
 pages = {135--140},
 numpages = {6},
 url = {http://doi.acm.org/10.1145/1787234.1787269},
 doi = {10.1145/1787234.1787269},
 acmid = {1787269},
 publisher = {ACM},
 address = {New York, NY, USA},
} 

@ARTICLE{6094008, 
author={Belqasmi, F. and Glitho, R. and Chunyan Fu}, 
journal={Communications Magazine, IEEE}, 
title={RESTful web services for service provisioning in next-generation networks: a survey}, 
year={2011}, 
month={December}, 
volume={49}, 
number={12}, 
pages={66-73}, 
keywords={3G mobile communication;IP networks;Web services;access protocols;hypermedia;mobile computing;multimedia communication;next generation networks;3GPP;IP multimedia subsystem;ITU-T;NGN;RESTful web services;SOAP-based web services;access technology;complex session-based services;distributed hypermedia systems;next-generation networks;packet-based networks;representational state transfer;service provisioning;simple object access protocol;ubiquitous services;Media;Next generation networking;Protocols;Servers;Subscriptions;Web services}, 
doi={10.1109/MCOM.2011.6094008}, 
ISSN={0163-6804},}

@ARTICLE{4548165, 
author={Lawton, G.}, 
journal={Computer}, 
title={Developing Software Online With Platform-as-a-Service Technology}, 
year={2008}, 
month={June}, 
volume={41}, 
number={6}, 
pages={13-15}, 
keywords={Internet;groupware;program debugging;programming environments;software maintenance;Internet;PaaS systems;Web-based application-development platform;application hosting;application infrastructure;application maintenance;application updating;code editing;collaborative development environment;computer technology;online software development;online work;platform-as-a-service technology;program debugging;program deployment;program development;program management;Application software;Collaborative software;Logic programming;Network interfaces;Network servers;Productivity;Software performance;Software tools;Web and internet services;Web server;Web-based development.;application development;development tools;platform as a service;software}, 
doi={10.1109/MC.2008.185}, 
ISSN={0018-9162},}

@inproceedings{eucalyptus09,
  title={The eucalyptus open-source cloud-computing system},
  author={Nurmi, Daniel and Wolski, Richard and Grzegorczyk, Chris and
Obertelli, Graziano and Soman, Sunil and Youseff, Lamia and Zagorodnov,
Dmitrii},
  booktitle={Cluster Computing and the Grid, 2009. CCGRID'09. 9th IEEE/ACM
International Symposium on},
  pages={124--131},
  year={2009},
  organization={IEEE}
}

@inproceedings{portingeffort,
  title={Towards Automatically Estimating Porting Effort Between Web Service APIs},
  author={Jayathilaka, Hiranya and Krintz, Chandra and Wolski, Rich},
  booktitle={To Appear: Services Computing, 2014. SCC 2014. IEEE International Conference on},
  year={2014},
  organization={IEEE}
}

@INPROCEEDINGS{4730489, 
author={Kuang-Yu Peng and Shao-Chen Lui and Ming-Tsung Chen}, 
booktitle={Service-Oriented System Engineering, 2008. SOSE '08. IEEE International Symposium on}, 
title={A Study of Design and Implementation on SOA Governance: A Service Oriented Monitoring and Alarming Perspective}, 
year={2008}, 
month={Dec}, 
pages={215-220}, 
keywords={Java;Web services;software architecture;Java message service;SOA;Web services;service oriented alarming;service oriented architecture;service oriented monitoring;Application software;Computer architecture;Design engineering;Message service;Monitoring;Semiconductor optical amplifiers;Service oriented architecture;Systems engineering and theory;Telecommunications;Web services;Quality of Web Services;Service-Oriented Enterprise Architecture}, 
doi={10.1109/SOSE.2008.26},}

@INPROCEEDINGS{1607141, 
author={Heqing Guan and Beihong Jin and Jun Wei and Wei Xu and Ningjiang Chen}, 
booktitle={Software Engineering Conference, 2005. APSEC '05. 12th Asia-Pacific}, 
title={A framework for application server based Web services management}, 
year={2005}, 
month={Dec}, 
pages={8 pp.-}, 
keywords={Internet;file servers;open systems;FASWSM framework;Web service adaptation;Web service management;application server;interoperability problem;Business;Collaboration;Costs;Maintenance;Network servers;Robustness;Scattering;Software engineering;Web services;Wide area networks;application server;web services;web services management}, 
doi={10.1109/APSEC.2005.8}, 
ISSN={1530-1362},}

@INPROCEEDINGS{1504267, 
author={Jian Wu and Zhohui Wu}, 
booktitle={Computer Supported Cooperative Work in Design, 2005. Proceedings of the Ninth International Conference on}, 
title={DART-Man: a management platform for Web services based on semantic Web technologies}, 
year={2005}, 
month={May}, 
volume={2}, 
pages={1199-1204 Vol. 2}, 
keywords={electronic commerce;security of data;semantic Web;DART-Man;Web service management;commerce;computer understandable metadata;management complexity;security access;semantic Web;service-management solution;Application software;Collaborative work;Computerized monitoring;Distributed computing;Educational institutions;Engines;Semantic Web;Technology management;Visualization;Web services}, 
doi={10.1109/CSCWD.2005.194360},}

@INPROCEEDINGS{5959326, 
author={Xilu Zhu and Bai Wang}, 
booktitle={Service Systems and Service Management (ICSSSM), 2011 8th International Conference on}, 
title={Web service management based on Hadoop}, 
year={2011}, 
month={June}, 
pages={1-6}, 
keywords={Web services;distributed databases;quality of service;storage management;HBase;Hadoop distributed file system;MapReduce;Web service advertisement;Web service management;nonfunctional properties;quality of service tree;user's complex requirement;Algorithm design and analysis;Indexes;Measurement;Mechanical factors;Ontologies;Quality of service;Web services;Distributed Environment;Hadoop;Web Service;Web Service Management}, 
doi={10.1109/ICSSSM.2011.5959326}, 
ISSN={2161-1890},}

@INPROCEEDINGS{5616981, 
author={Chia-Feng Lin and Ruey-Shyang Wu and Shyan-Ming Yuan and Ching-Tsorng Tsai}, 
booktitle={Cyber-Enabled Distributed Computing and Knowledge Discovery (CyberC), 2010 International Conference on}, 
title={A Web Services Status Monitoring Technology for Distributed System Management in the Cloud}, 
year={2010}, 
month={Oct}, 
pages={502-505}, 
keywords={Web services;standards;Web services distributed management;Web services status monitoring technology;cloud computing;distributed system management;enterprise integration;industry standard;management standard;message flow oriented management;standard interface;Computer architecture;Monitoring;Protocols;Service oriented architecture;Simple object access protocol;Standards;Distubted system;Hook;Web Service}, 
doi={10.1109/CyberC.2010.97},}

@INPROCEEDINGS{4279630, 
author={Bhatti, R. and Sanz, D. and Bertino, E. and Ghafoor, A.}, 
booktitle={Web Services, 2007. ICWS 2007. IEEE International Conference on}, 
title={A Policy-Based Authorization Framework for Web Services: Integrating XGTRBAC and WS-Policy}, 
year={2007}, 
month={July}, 
pages={447-454}, 
keywords={Unified Modeling Language;Web services;authorisation;formal specification;object-oriented programming;UML;WS-policy specification;Web services;X-GTRBAC;access control;authentication mechanisms;component-based design;policy-based authorization framework;Access control;Algorithm design and analysis;Authentication;Authorization;Computer architecture;Prototypes;Service oriented architecture;Specification languages;Unified modeling language;Web services}, 
doi={10.1109/ICWS.2007.10},}

@INPROCEEDINGS{5713420, 
author={Shih-Chien Chou and Jin-Yuan Jhu}, 
booktitle={Advanced Information Management and Service (IMS), 2010 6th International Conference on}, 
title={Access control policy embedded composition algorithm for web services}, 
year={2010}, 
month={Nov}, 
pages={54-59}, 
keywords={Web services;authorisation;Web service access control policies;Web services;access control policy embedded composition algorithm;path composition algorithm;path replanning effort reduction;Access control;Credit cards;Quality of service;Reliability;Runtime;Web services;Web service;access control;composition},}

@INPROCEEDINGS{6154236, 
author={Liu Li and Kuang Xiaohui and Li Yuanling and Xu Fei and Zou Tao and Cui YiMin}, 
booktitle={Instrumentation, Measurement, Computer, Communication and Control, 2011 First International Conference on}, 
title={Policy-based Fault Diagnosis Technology for Web Service}, 
year={2011}, 
month={Oct}, 
pages={827-831}, 
keywords={Web services;fault diagnosis;software fault tolerance;Web service fault diagnosis system;Web service fault taxonomy;Web service management;policy-based fault diagnosis technology;Accuracy;Conferences;Fault diagnosis;Fault trees;Libraries;Taxonomy;Web services;Fault diagnosis;Fault matrix;Fault symptom;Fault type;Policy;Web service}, 
doi={10.1109/IMCCC.2011.210},}

@INPROCEEDINGS{4027138, 
author={Haiqi Liang and Wei Sun and Xin Zhang and Zhongbo Jiang}, 
booktitle={Service-Oriented System Engineering, 2006. SOSE '06. Second IEEE International Workshop}, 
title={A Policy Framework for Collaborative Web Service Customization}, 
year={2006}, 
month={Oct}, 
pages={197-204}, 
keywords={Web services;groupware;collaborative Web service customization;customization requests;policy framework;service consumer;service provider;Application software;Collaboration;Computer industry;Customer relationship management;Enterprise resource planning;Sun;User interfaces;Web and internet services;Web services;XML}, 
doi={10.1109/SOSE.2006.2},}

@INPROCEEDINGS{1592403, 
author={Erradi, A. and Maheshwari, P. and Padmanabhuni, S.}, 
booktitle={Next Generation Web Services Practices, 2005. NWeSP 2005. International Conference on}, 
title={Towards a policy-driven framework for adaptive Web services composition}, 
year={2005}, 
month={Aug}, 
pages={6 pp.-}, 
keywords={Internet;quality of service;AdaptiveBPEL;QoS;adaptive Web services composition;aspect-oriented software development;quality of service;Application software;Australia;Collaboration;Computer science;Context-aware services;Machine vision;Programming;Quality of service;Software engineering;Web services}, 
doi={10.1109/NWESP.2005.75},}

@inproceedings{Suleiman:2009:IUM:1564601.1564730,
 author = {Suleiman, Basem and Tosic, Vladimir},
 title = {Integration of UML Modeling and Policy-driven Management of Web Service Systems},
 booktitle = {ICSE Workshop on Principles of Engineering Service Oriented Systems},
 year = {2009},
} 

@inproceedings{Erradi:2006:PMS:1515984.1515990,
 author = {Erradi, Abdelkarim and Maheshwari, Piyush and Tosic, Vladimir},
 title = {Policy-driven Middleware for Self-adaptation of Web Services Compositions},
 booktitle = {International Conference on Middleware},
 year = {2006},
} 

@INPROCEEDINGS{6481237, 
author={Thirumaran, M. and Ponnurangam, D. and Rajakumari, K. and Nandhini, G.}, 
booktitle={Cloud and Services Computing (ISCOS), 2012 International Symposium on}, 
title={Evaluation Model for Web Service Change Management Based on Business Policy Enforcement}, 
year={2012}, 
month={Dec}, 
pages={63-69}, 
keywords={Web services;bank data processing;business data processing;finite state machines;management of change;organisational aspects;IT change management;IT enterprises;IT service management systems;IT service-quality improvement;Web service runtime change evaluation;Web service runtime change management;banking domain;business objectives;business policy enforcement;change factors;change monitoring;customer demands;customer expectations;customer needs;finite state machine-based change evaluation model;network operation teams;policy violation;service business logic;Adaptation models;Business;Interrupters;Runtime;Time factors;Unified modeling language;Web services;BL Analyzer;Business Policy Manager;Change Evaluation Report;Change Factors;Dependency Analyzer;Run-time Change Management;Web Services}, 
doi={10.1109/ISCOS.2012.13},}

@INPROCEEDINGS{4028029, 
author={Fan Zhang and Ji Gao and Bei-Shui Liao}, 
booktitle={Machine Learning and Cybernetics, 2006 International Conference on}, 
title={Policy-Driven Model for Autonomic Management of Web Services Using MAS}, 
year={2006}, 
month={Aug}, 
pages={34-39}, 
keywords={Internet;multi-agent systems;open systems;virtual enterprises;MAS;Web service autonomic management;automatic cooperation;automatic discovery;automatic negotiation;multiagent system;open distributed system;policy-driven model;virtual organizations;Computer science;Conference management;Containers;Cybernetics;Educational institutions;Humans;Intelligent agent;Large-scale systems;Machine learning;Multiagent systems;Ontologies;Technology management;Web services;Policy;multi-agent system;ontology;web services}, 
doi={10.1109/ICMLC.2006.258812},}

@INPROCEEDINGS{6525502, 
author={Kikuchi, S. and Aoki, T.}, 
booktitle={Service Oriented System Engineering (SOSE), 2013 IEEE 7th International Symposium on}, 
title={Evaluation of Operational Vulnerability in Cloud Service Management Using Model Checking}, 
year={2013}, 
month={March}, 
pages={37-48}, 
keywords={cloud computing;program verification;security of data;NuSMV;cloud computing infrastructure;cloud service management;interdependency relationship;model checking;operational vulnerability evaluation;service vulnerability;state transition model;system management;Cloud computing;datacenter;formal methods;misconfiguration;model checking;operational vulnerability;single point of failure}, 
doi={10.1109/SOSE.2013.31},}

@INPROCEEDINGS{5579654, 
author={Yuanhui Sun and Zongshui Xiao and Dongmei Bao and Jie Zhao}, 
booktitle={Advanced Computer Theory and Engineering (ICACTE)},
title={An architecture model of management and monitoring on Cloud services resources}, 
year={2010}, 
month={Aug}, 
volume={3}, 
pages={V3-207-V3-211}, 
keywords={Web services;information technology;quality of service;software architecture;IT industry;IT service management;cloud computing;cloud service resources management;cloud services resources monitoring;hierarchical architecture model;information technology;quality of service;service-oriented architecture;Business;Clouds;Databases;Educational institutions;Engines;Monitoring;Visualization;Cloud services;IT service management;enterprise service bus;quality of service;service-oriented architecture}, 
doi={10.1109/ICACTE.2010.5579654}, 
ISSN={2154-7491},}

@article{berkeleycloud2010,
 author = {Armbrust, Michael and Fox, Armando and Griffith, Rean and Joseph,
Anthony D. and Katz, Randy and Konwinski, Andy and Lee, Gunho and Patterson,
David and Rabkin, Ariel and Stoica, Ion and Zaharia, Matei},
 title = {A view of cloud computing},
 journal = CACM,
 issue_date = {April 2010},
 volume = {53},
 number = {4},
 month = apr,
 year = {2010},
 issn = {0001-0782},
 pages = {50--58},
 numpages = {9},
 url = {http://doi.acm.org/10.1145/1721654.1721672},
 doi = {10.1145/1721654.1721672},
 acmid = {1721672},
 publisher = {ACM},
 address = {New York, NY, USA},
} 

@article{Eager88,
 author = {Eager, D. L. and Lazowska, E. D. and Zahorjan, J.},
 title = {The limited performance benefits of migrating active processes for
load sharing},
 journal = SIGMETRICSPerfEval,
 issue_date = {May 1988},
 volume = {16},
 number = {1},
 month = may,
 year = {1988},
 issn = {0163-5999},
 pages = {63--72},
 numpages = {10},
 url = {http://doi.acm.org/10.1145/1007771.55604},
 doi = {10.1145/1007771.55604},
 acmid = {55604},
 publisher = {ACM},
 address = {New York, NY, USA},
} 

@inproceedings{shivam06, 
AUTHOR= {Piyush Shivam and Shivnath Babu and Jeffrey Chase}, 
TITLE= {Learning Application Models for Utility Resource Planning}, 
PUBLISHER = {IEEE}, 
PAGES={255--265},
YEAR = {2006}, 
BOOKTITLE={International Conference on Autonomic Computing (ICAC 2006)},
MONTH={June}
}
@inproceedings{gmach2007workload,
  title={Workload analysis and demand prediction of enterprise data center
applications},
  author={Gmach, Daniel and Rolia, Jerry and Cherkasova, Ludmila and Kemper,
Alfons},
  booktitle={Workload Characterization, 2007. IISWC 2007. IEEE 10th
International Symposium on},
  pages={171--180},
  year={2007},
  organization={IEEE}
}

@article{lublin2003workload,
  title={The workload on parallel supercomputers: modeling the characteristics
of rigid jobs},
  author={Lublin, Uri and Feitelson, Dror G},
  journal={Journal of Parallel and Distributed Computing},
  volume={63},
  number={11},
  pages={1105--1122},
  year={2003},
  publisher={Elsevier}
}

@article{google10,
  title={Towards characterizing cloud backend workloads: insights from google
compute clusters},
  author={Mishra, Asit K and Hellerstein, Joseph L and Cirne, Walfredo and
Das, Chita R},
  journal={ACM SIGMETRICS Performance Evaluation Review},
  volume={37},
  number={4},
  pages={34--41},
  year={2010},
  publisher={ACM}
}

@inproceedings{crovella01,
  title={Performance evaluation with heavy tailed distributions},
  author={Crovella, Mark E},
  booktitle={Job Scheduling Strategies for Parallel Processing},
  pages={1--10},
  year={2001},
  organization={Springer}
}

@techreport{chen2012,
  title={Workload-Driven Design and Evaluation of Large-Scale Data-Centric
Systems},
  author={Chen, Yanpei},
  year={2012},
  institution={DTIC Document}
}

@inproceedings{rolia05,
  title={A capacity management service for resource pools},
  author={Rolia, Jerry and Cherkasova, Ludmila and Arlitt, Martin and
Andrzejak, Artur},
  booktitle={Proceedings of the 5th international workshop on Software and
performance},
  pages={229--237},
  year={2005},
  organization={ACM}
}

@article{empht98,
  title={The empht-programme},
  author={Olsson, Marita},
  journal={Relat{\'o}rio t{\'e}cnico, Department of Mathematics, Chalmers
University of Technology, and G{\"o}teborg University, Sweden},
  year={1998}
}

@book{empht92,
  title={EMPHT: A Program for Fitting Phase-type Distributions},
  author={H{\"a}ggstr{\"o}m, Olle and Nerman, Olle and Asmussen, S{\o}ren},
  year={1992},
  publisher={Chalmers tekniska h{\"o}gskola}
}

@article{ks51,
  title={The Kolmogorov-Smirnov test for goodness of fit},
  author={Massey Jr, Frank J},
  journal={Journal of the American statistical Association},
  volume={46},
  number={253},
  pages={68--78},
  year={1951},
  publisher={Taylor \& Francis Group}
}

@inproceedings{ganapathi2010,
  title={Statistics-driven workload modeling for the cloud},
  author={Ganapathi, Archana and Chen, Yanpei and Fox, Armando and Katz, Randy
and Patterson, David},
  booktitle={Data Engineering Workshops (ICDEW), 2010 IEEE 26th International
Conference on},
  pages={87--92},
  year={2010},
  organization={IEEE}
}

@ONLINE{cloudworkload2013,
author = {Rich Wolski and John Brevik},
title = {\url{http://www.cs.ucsb.edu/~rich/workload}},
month = June,
year = {2013},
url = {http://www.cs.ucsb.edu/~rich/workload}
}


@ONLINE{eucalyptus-web,
author = {{E}ucalyptus {S}ystems {I}nc.},
title = {\url{http://www.eucalyptus.com}},
month = June,
year = {2013},
url = {http://www.eucalyptus.com}
}

@inproceedings{khan2012,
  title={Workload characterization and prediction in the cloud: A multiple
time series approach},
  author={Khan, Arijit and Yan, Xifeng and Tao, Shu and Anerousis, Nikos},
  booktitle={Network Operations and Management Symposium (NOMS), 2012 IEEE},
  pages={1287--1294},
  year={2012},
  organization={IEEE}
}

@book{murty09,
  title={Programming Amazon Web Services: S3, EC2, SQS, FPS, and SimpleDB},
  author={Murty, James},
  year={2009},
  publisher={O'Reilly Media, Inc.}
}

@article{mitzenmacher04,
  title={A brief history of generative models for power law and lognormal
distributions},
  author={Mitzenmacher, Michael},
  journal={Internet mathematics},
  volume={1},
  number={2},
  pages={226--251},
  year={2004},
  publisher={Taylor \& Francis}
}

@article{downeylognormal05,
  title={Lognormal and Pareto distributions in the Internet},
  author={Downey, Allen B},
  journal={Computer Communications},
  volume={28},
  number={7},
  pages={790--801},
  year={2005},
  publisher={Elsevier}
}
@inproceedings{bunchautoscaling12,
  title={A Pluggable Autoscaling Service for Open Cloud PaaS Systems, IEEE/ACM International Conference on Utility and Cloud Computing},
  author={Bunch, Chris and Arora, Vaibhav and Chohan, Navraj and Krintz, Chandra and Hedge, Shashank and Srivastava, Abhishek},
  booktitle={International Conference on Utility and Cloud Computing},
  year={2012},
  organization={IEEE/ACM}
}
@inproceedings{chohanmigration12,
  title={North by Northwest: Infrastructure Agnostic and Datastore Agnostic Live Migration of Private Cloud Platforms},
  author={Chohan, Navraj and Gupta, Anand and Bunch, Chris and Sundaram, Sujay and Krintz, Chandra},
  booktitle={HotCloud},
  year={2012},
  organization={USENIX}
}
@inproceedings{chohananalytics12,
  title={Hybrid Cloud Support for Large Scale Analytics and Web Processing},
  author={Chohan, Navraj and Gupta, Anand and Bunch, Chris and Prakasam, Kowshik and Krintz, Chandra},
  booktitle={WebApps},
  year={2012},
  organization={USENIX}
}
@inproceedings{krintzappscale13,
  title={The AppScale Cloud Platform: Enabling Portable, Scalable Web Application Deployment},
  author={Krintz, Chandra},
  booktitle={Internet Computing},
  year={2013},
  organization={IEEE}
}

@misc{hadoop,
   key = {Hadoop MapReduce},
   title = {{Hadoop MapReduce}},
   note = {\url "http://hadoop.apache.org/"}
}

@misc{cloudfoundry,
   key = {Cloud Foundry},
   title = {{Platform as a Service - Pivotal CF}},
   note = {\url "http://www.gopivotal.com/platform-as-a-service/pivotal-cf"}
}

@misc{openshift,
   key = {OpenShift},
   title = {{OpenShift by RedHat}},
   note = {\url "https://www.openshift.com"}
}

@misc{nosql,
   key = {{NoSQL}},
   title = {{NoSQL}},
   note = {\url "http://en.wikipedia.org/wiki/NoSQL"}
}
@misc{cassandra,
   key = "{Cassandra}",
   title = "{Cassandra}",
   note = {\url "http://cassandra.apache.org/"}
}

@inproceedings{Bianchini:2011:SWA:2076623.2076650,
 author = {Bianchini, Devis and De Antonellis, Valeria and Melchiori, Michele},
 title = {{Semantics-enabled web APIs selection patterns}},
 booktitle = {Proceedings of the 15th Symposium on International Database Engineering \&\#38; Applications},
 series = {IDEAS '11},
 year = {2011},
 isbn = {978-1-4503-0627-0},
 location = {Lisboa, Portugal},
 pages = {204--208},
 numpages = {5},
 url = {http://doi.acm.org/10.1145/2076623.2076650},
 doi = {10.1145/2076623.2076650},
 acmid = {2076650},
 publisher = {ACM},
 address = {New York, NY, USA},
} 

@inproceedings{FLO67,
  author = {R. W. Floyd},
  title = {{Assigning Meaning to Programs}},
  booktitle = {Proceedings of the Symposium on Applied Maths},
  publisher = {AMS},
  year = {1967},
  volume = {19},
  pages = {19--32}
}

@article{Hoare:1969:ABC:363235.363259,
 author = {Hoare, C. A. R.},
 title = {An axiomatic basis for computer programming},
 journal = {Commun. ACM},
 issue_date = {Oct. 1969},
 volume = {12},
 number = {10},
 month = oct,
 year = {1969},
 issn = {0001-0782},
 pages = {576--580},
 numpages = {5},
 url = {http://doi.acm.org/10.1145/363235.363259},
 doi = {10.1145/363235.363259},
 acmid = {363259},
 publisher = {ACM},
 address = {New York, NY, USA},
 keywords = {axiomatic method, formal language definition, machine-independent programming, program documentation, programming language design, theory of programming' proofs of programs},
} 

@article{HW:1973,
year={1973},
issn={0001-5903},
journal={Acta Informatica},
volume={2},
number={4},
doi={10.1007/BF00289504},
title={{An axiomatic definition of the programming language PASCAL}},
url={http://dx.doi.org/10.1007/BF00289504},
publisher={Springer-Verlag},
author={Hoare, C.A.R. and Wirth, N.},
pages={335-355},
language={English}
}

@article{fikes2001axiomatic,
  title={{An axiomatic semantics for RDF, RDF-S, and DAML+ OIL}},
  author={Fikes, Richard and McGuinness, Deborah},
  journal={Manuscript},
  year={2001}
}

@inproceedings{Gegg-Harrison:2003:SPC:961511.961548,
 author = {Gegg-Harrison, Timothy S. and Bunce, Gary R. and Ganetzky, Rebecca D. and Olson, Christina M. and Wilson, Joshua D.},
 title = {Studying program correctness by constructing contracts},
 booktitle = {Proceedings of the 8th annual conference on Innovation and technology in computer science education},
 series = {ITiCSE '03},
 year = {2003},
 isbn = {1-58113-672-2},
 location = {Thessaloniki, Greece},
 pages = {129--133},
 numpages = {5},
 url = {http://doi.acm.org/10.1145/961511.961548},
 doi = {10.1145/961511.961548},
 acmid = {961548},
 publisher = {ACM},
 address = {New York, NY, USA},
 keywords = {Java, axiomatic semantics, design by contract},
} 

@book{black1998axiomatic,
  title={{Axiomatic Semantics Verification of a Secure Web Server}},
  author={Black, P.E.},
  url={http://books.google.com/books?id=lrM7HQAACAAJ},
  year={1998},
  publisher={Brigham Young University. Department of Computer Science}
}

@misc{Leavens06designby,
    author = {Gary T. Leavens and Yoonsik Cheon},
    title = {{Design by Contract with JML}},
    year = {2006}
}

@book{Barnes:2003:HIS:829555,
 author = {Barnes, John},
 title = {{High Integrity Software: The SPARK Approach to Safety and Security}},
 year = {2003},
 isbn = {0321136160},
 publisher = {Addison-Wesley Longman Publishing Co., Inc.},
 address = {Boston, MA, USA},
} 

@inproceedings{Barnett:2004:SPS:2131546.2131549,
 author = {Barnett, Mike and Leino, K. Rustan M. and Schulte, Wolfram},
 title = {{The Spec\# programming system: an overview}},
 booktitle = {Proceedings of the 2004 international conference on Construction and Analysis of Safe, Secure, and Interoperable Smart Devices},
 series = {CASSIS'04},
 year = {2005},
 isbn = {3-540-24287-2, 978-3-540-24287-1},
 location = {Marseille, France},
 pages = {49--69},
 numpages = {21},
 acmid = {2131549},
 publisher = {Springer-Verlag},
 address = {Berlin, Heidelberg},
}

@INPROCEEDINGS{738528, 
author={Baxter, I.D. and Yahin, A. and Moura, L. and Sant'Anna, M. and Bier, L.}, 
booktitle={Software Maintenance, 1998. Proceedings., International Conference on}, 
title={Clone detection using abstract syntax trees}, 
year={1998}, 
pages={368-377}, 
keywords={C language;program compilers;program diagnostics;reverse engineering;software maintenance;trees (mathematics);C production software system;abstract syntax trees;arbitrary program fragments;clone detection;clone removal;common sub expressions;commutative operands;compiler method;detected clones;domain concepts;duplicate code;equivalent statement sequences;exact tree matches;in-lined procedures;large scale computer programs;lexems;macro bodies;macro invocations;mechanical methods;near miss clones;nearly exact matches;program source code;program structure;reverse engineering;software maintenance costs;standard preprocessor macros;structured code;Cloning;Costs;Encapsulation;Large-scale systems;Production systems;Programming profession;Software engineering;Software maintenance;Software systems;World Wide Web}, 
doi={10.1109/ICSM.1998.738528}, 
ISSN={1063-6773},
}

@INPROCEEDINGS{5705174, 
author={Baojiang Cui and Jiansong Li and Tao Guo and Jianxin Wang and Ding Ma}, 
booktitle={Broadband Network and Multimedia Technology (IC-BNMT)},
title={{Code Comparison System based on Abstract Syntax Tree}}, 
year={2010}, 
}

@INPROCEEDINGS{4656419, 
author={Hashimoto, M. and Mori, A.}, 
booktitle={Reverse Engineering, 2008. WCRE '08. 15th Working Conference on}, 
title={{Diff/TS: A Tool for Fine-Grained Structural Change Analysis}}, 
year={2008}, 
pages={279-288}, 
keywords={configuration management;data flow graphs;invasive software;pattern classification;program diagnostics;program visualisation;software maintenance;text editing;tree data structures;C project;C++ project;Diff/TS tool;Java project;Python project;control flow graph;fine-grained structural change analysis;large-scale software project;open source software project;phylogenetic malware classification;program edit operation;program revision;program visualization;programming language;software archaeology;source code tree structural analysis;Algorithm design and analysis;Automatic control;Classification tree analysis;Computer languages;Heuristic algorithms;Java;Large-scale systems;Open source software;Software algorithms;Visualization}, 
doi={10.1109/WCRE.2008.44}, 
ISSN={1095-1350},
}

@inproceedings{Neamtiu:2005:USC:1083142.1083143,
 author = {Neamtiu, Iulian and Foster, Jeffrey S. and Hicks, Michael},
 title = {Understanding source code evolution using abstract syntax tree matching},
 booktitle = {Proceedings of the 2005 international workshop on Mining software repositories},
 series = {MSR '05},
 year = {2005},
 isbn = {1-59593-123-6},
 location = {St. Louis, Missouri},
 pages = {1--5},
 numpages = {5},
 url = {http://doi.acm.org/10.1145/1082983.1083143},
 doi = {10.1145/1082983.1083143},
 acmid = {1083143},
 publisher = {ACM},
 address = {New York, NY, USA},
 keywords = {abstract syntax trees, software evolution, source code analysis},
}

@INPROCEEDINGS{1314722, 
author={Salaun, G. and Bordeaux, L. and Schaerf, M.}, 
booktitle={Web Services, 2004. Proceedings. IEEE International Conference on}, 
title={Describing and reasoning on Web services using process algebra}, 
year={2004}, 
pages={43-50}, 
keywords={Internet;formal specification;process algebra;reasoning about programs;BPEL;Web service choreography;Web service description;Web service development reliability;Web service interaction;Web service reasoning;behaviour description;execution languages;message exchange;process algebra;process description languages;reverse engineering;Algebra;Application software;Internet;Proposals;Remuneration;Reverse engineering;Skeleton;Software engineering;System recovery;Web services}, 
doi={10.1109/ICWS.2004.1314722},
}

@inproceedings{Shen:2005:WSD:1097874.1098375,
 author = {Shen, Zhongnan and Su, Jianwen},
 title = {Web Service Discovery Based on Behavior Signatures},
 booktitle = {Proceedings of the 2005 IEEE International Conference on Services Computing - Volume 01},
 series = {SCC '05},
 year = {2005},
 isbn = {0-7695-2408-7-01},
 pages = {279--286},
 numpages = {8},
 url = {http://dx.doi.org/10.1109/SCC.2005.107},
 doi = {10.1109/SCC.2005.107},
 acmid = {1098375},
 publisher = {IEEE Computer Society},
 address = {Washington, DC, USA},
}

@article{Halle:2010:RVW:1749398.1749435,
 author = {Hall{\'e}, Sylvain and Bultan, Tevfik and Hughes, Graham and Alkhalaf, Muath and Villemaire, Roger},
 title = {Runtime Verification of Web Service Interface Contracts},
 journal = {Computer},
 issue_date = {March 2010},
 volume = {43},
 number = {3},
 month = mar,
 year = {2010},
 issn = {0018-9162},
 pages = {59--66},
 numpages = {8},
 url = {http://dx.doi.org/10.1109/MC.2010.76},
 doi = {10.1109/MC.2010.76},
 acmid = {1749435},
 publisher = {IEEE Computer Society Press},
 address = {Los Alamitos, CA, USA},
 keywords = {Information storage and retrieval, Software engineering, Testing and debugging, Testing and debugging, Software engineering, Web-based services, Information storage and retrieval, Web-based services},
}

@inproceedings{Dan:2008:SSR:1370916.1370923,
 author = {Dan, Asit and Johnson, Robert D. and Carrato, Tony},
 title = {{SOA service reuse by design}},
 booktitle = {Proceedings of the 2nd international workshop on Systems development in SOA environments},
 series = {SDSOA '08},
 year = {2008},
 isbn = {978-1-60558-029-6},
 location = {Leipzig, Germany},
 pages = {25--28},
 numpages = {4},
 url = {http://doi.acm.org/10.1145/1370916.1370923},
 doi = {10.1145/1370916.1370923},
 acmid = {1370923},
 publisher = {ACM},
 address = {New York, NY, USA},
 keywords = {business glossary, service enhancement, service level agreement, service monitoring and management, service registry, service reuse, soa governance},
}

@INPROCEEDINGS{4755647, 
author={Haines, M.N. and Haseman, W.}, 
booktitle={System Sciences, 2009. HICSS '09. 42nd Hawaii International Conference on}, 
title={{Service-Oriented Architecture Adoption Patterns}}, 
year={2009}, 
pages={1-9}, 
keywords={electronic commerce;software architecture;CIO;business;enterprise architects;service-oriented architecture adoption patterns;Application software;Computer architecture;Semiconductor optical amplifiers;Service oriented architecture;Simple object access protocol;Standardization;Standards development;Technological innovation;Web services;XML}, 
doi={10.1109/HICSS.2009.388}, 
ISSN={1530-1605},}

@article{An2008383,
title = "Methodology for Web Services Adoption Based on Technology Adoption Theory and Business Process Analyses",
journal = "Tsinghua Science \& Technology ",
volume = "13",
number = "3",
pages = "383 - 389",
year = "2008",
note = "",
issn = "1007-0214",
doi = "http://dx.doi.org/10.1016/S1007-0214(08)70061-0",
url = "http://www.sciencedirect.com/science/article/pii/S1007021408700610",
author = "Liping An and Jianyuan Yan and Lingyun Tong",
keywords = "web services",
keywords = "technology adoption",
keywords = "business process",
keywords = "enterprise application integration "
}

@INPROCEEDINGS{1314996, 
author={Haines, M.N.}, 
booktitle={Web Services, 2004. Proceedings. IEEE International Conference on}, 
title={Web services as information systems innovation: a theoretical framework for Web service technology adoption}, 
year={2004}, 
pages={11-16}, 
keywords={Internet;information systems;information technology;IS innovation theory;Web service technology adoption;Web services;information system innovation;Distributed computing;Information management;Information systems;Information technology;Management information systems;Service oriented architecture;Simple object access protocol;Technological innovation;Technology management;Web services}, 
doi={10.1109/ICWS.2004.1314996},}

@misc{hl:ec2,
  title = {{Release Notes: Amazon Web Services}},
  howpublished = "\url{http://aws.amazon.com/releasenotes/Amazon-EC2}",
  year = {2013},
  note = "[Online; accessed 02-September-2013]",
  key = "Release Notes: Amazon Web Services"
}

@misc{hl:twitter,
  title = {{Twitter API v1 Retirement: Final Dates}},
  howpublished = "\url{https://dev.twitter.com/blog/api-v1-retirement-final-dates}",
  year = {2013},
  note = "[Online; accessed 02-September-2013]",
  key = "Twitter API v1 Retirement: Final Dates"
}

@misc{hl:ebay,
  title = {{eBay Trading Web Services: Release Notes}},
  howpublished = "\url{http://developer.ebay.com/DevZone/XML/docs/ReleaseNotes.html}",
  year = {2013},
  note = "[Online; accessed 02-September-2013]",
  key = "eBay Trading Web Services: Release Notes"
}

@misc{hl:aws,
  title = {{Product Advertising API}},
  howpublished = "\url{https://affiliate-program.amazon.com/gp/advertising/api/detail/agreement-changes.html}",
  year = {2013},
  note = "[Online; accessed 02-September-2013]",
  key = "Product Advertising API"
}

@inproceedings{Pelleg:2000:XEK:645529.657808,
 author = {Pelleg, Dan and Moore, Andrew W.},
 title = {{X-means: Extending K-means with Efficient Estimation of the Number of Clusters}},
 booktitle = {Proceedings of the Seventeenth International Conference on Machine Learning},
 series = {ICML '00},
 year = {2000},
 isbn = {1-55860-707-2},
 pages = {727--734},
 numpages = {8},
 url = {http://dl.acm.org/citation.cfm?id=645529.657808},
 acmid = {657808},
 publisher = {Morgan Kaufmann Publishers Inc.},
 address = {San Francisco, CA, USA},
}

@INPROCEEDINGS{6009479, 
author={Torres, R. and Tapia, B. and Astudillo, H.}, 
booktitle={Web Services (ICWS), 2011 IEEE International Conference on}, 
title={{Improving Web API Discovery by Leveraging Social Information}}, 
year={2011}, 
pages={744-745}, 
keywords={Web services;application program interfaces;social networking (online);Web API dscovery;leveraging social information;mashup developers;Collaboration;Communities;Google;Humans;Mashups;Proposals;Collaboration network;Mashup;Web API}, 
doi={10.1109/ICWS.2011.96},}

@ARTICLE{1260701, 
author={Klein, M. and Bernstein, A.}, 
journal={Internet Computing, IEEE}, 
title={Toward high-precision service retrieval}, 
year={2004}, 
volume={8}, 
number={1}, 
pages={30-36}, 
keywords={Internet;data warehouses;information retrieval;pattern matching;query languages;high-precision service retrieval;online repositories;pattern-matching algorithm;process-based queries;service semantics;Keyword search;Loans and mortgages;Search engines;Software performance;Software tools}, 
doi={10.1109/MIC.2004.1260701}, 
ISSN={1089-7801},}

@inproceedings{Reynolds:2002:SLL:645683.664578,
 author = {Reynolds, John C.},
 title = {{Separation Logic: A Logic for Shared Mutable Data Structures}},
 booktitle = {Proceedings of the 17th Annual IEEE Symposium on Logic in Computer Science},
 series = {LICS '02},
 year = {2002},
 isbn = {0-7695-1483-9},
 pages = {55--74},
 numpages = {20},
 url = {http://dl.acm.org/citation.cfm?id=645683.664578},
 acmid = {664578},
 publisher = {IEEE Computer Society},
 address = {Washington, DC, USA},
}

@article{Naumann00calculatingsharp,
    author = {David A. Naumann},
    title = {{Calculating Sharp Adaptation Rules}},
    journal = {Information Processing Letters},
    year = {2000},
    volume = {77},
    pages = {2001}
}

@article{Olderog1983337,
title = "On the notion of expressiveness and the rule of adaptation ",
journal = "Theoretical Computer Science ",
volume = "24",
number = "3",
pages = "337 - 347",
year = "1983",
note = "",
issn = "0304-3975",
doi = "http://dx.doi.org/10.1016/0304-3975(83)90009-9",
url = "http://www.sciencedirect.com/science/article/pii/0304397583900099",
author = "Ernst-Rüdiger Olderog"
}
@article{Hatcliff:2012:BIS:2187671.2187678,
 author = {Hatcliff, John and Leavens, Gary T. and Leino, K. Rustan M. and M\"{u}ller, Peter and Parkinson, Matthew},
 title = {Behavioral interface specification languages},
 journal = {ACM Comput. Surv.},
 issue_date = {June 2012},
 volume = {44},
 number = {3},
 month = jun,
 year = {2012},
 issn = {0360-0300},
 pages = {16:1--16:58},
 articleno = {16},
 numpages = {58},
 url = {http://doi.acm.org/10.1145/2187671.2187678},
 doi = {10.1145/2187671.2187678},
 acmid = {2187678},
 publisher = {ACM},
 address = {New York, NY, USA},
 keywords = {Abstraction, JML, SPARK, Spec\#, assertion, behavioral subtyping, frame conditions, interface specification language, invariant, postcondition, precondition, separation logic},
}

@article{dice1945,
     jstor_articletype = {research-article},
     title = {Measures of the Amount of Ecologic Association Between Species},
     author = {Dice, Lee R.},
     journal = {Ecology},
     jstor_issuetitle = {},
     volume = {26},
     number = {3},
     jstor_formatteddate = {Jul., 1945},
     pages = {pp. 297-302},
     url = {http://www.jstor.org/stable/1932409},
     ISSN = {00129658},
     abstract = {},
     language = {English},
     year = {1945},
     publisher = {Ecological Society of America},
     copyright = {Copyright © 1945 Ecological Society of America},
}

@ARTICLE{4376229, 
author={Kopecky, J. and Vitvar, T. and Bournez, C. and Farrell, J.}, 
journal={Internet Computing, IEEE}, 
title={{SAWSDL: Semantic Annotations for WSDL and XML Schema}}, 
year={2007}, 
volume={11}, 
number={6}, 
pages={60-67}, 
keywords={Web services;XML;open systems;semantic Web;software architecture;Web service description language 2.0;World Wide Web consortium;XML schema;distributed application;interoperability;semantic annotation;service reuse;service-oriented architecture;Automation;Mediation;Ontologies;Semantic Web;Service oriented architecture;Simple object access protocol;Solids;Web services;Web sites;XML;SAWSDL;Semantic Web;WSDL;Web services;semantic annotation;standards}, 
doi={10.1109/MIC.2007.134}, 
ISSN={1089-7801},}

@inproceedings{Verborgh:2012:FDB:2307819.2307828,
 author = {Verborgh, Ruben and Steiner, Thomas and Van Deursen, Davy and Coppens, Sam and Vall{\'e}s, Joaquim Gabarr\'{o} and Van de Walle, Rik},
 title = {{Functional descriptions as the bridge between hypermedia APIs and the Semantic Web}},
 booktitle = {International Workshop on RESTful Design},
 year = {2012},
}

@inproceedings{Mokarizadeh:2011:ESS:2052138.2052380,
 author = {Mokarizadeh, Shahab and Kungas, Peep and Matskin, Mihhail},
 title = {Evaluation of a Semi-automated Semantic Annotation Approach for Bootstrapping the Analysis of Large-Scale Web Service Networks},
 booktitle = {Proceedings of the 2011 IEEE/WIC/ACM International Conferences on Web Intelligence and Intelligent Agent Technology - Volume 01},
 series = {WI-IAT '11},
 year = {2011},
 isbn = {978-0-7695-4513-4},
 pages = {388--395},
 numpages = {8},
 url = {http://dx.doi.org/10.1109/WI-IAT.2011.237},
 doi = {10.1109/WI-IAT.2011.237},
 acmid = {2052380},
 publisher = {IEEE Computer Society},
 address = {Washington, DC, USA},
 keywords = {Web service annotation, Web service network, WSDL, XSD},
}

@inproceedings{Hu:2013:ASW:2514949.2515764,
 author = {Hu, Xiaocao and Feng, Zhiyong and Chen, Shizhan},
 title = {Augmenting Semantics of Web Services Based on Public Open Ontology},
 booktitle = {Proceedings of the 2013 IEEE International Conference on Services Computing},
 series = {SCC '13},
 year = {2013},
 isbn = {978-0-7695-5026-8},
 pages = {304--311},
 numpages = {8},
 url = {http://dx.doi.org/10.1109/SCC.2013.96},
 doi = {10.1109/SCC.2013.96},
 acmid = {2515764},
 publisher = {IEEE Computer Society},
 address = {Washington, DC, USA},
 keywords = {Semantic Web Services, WSDL, Public Open Ontology, Semantic Annotation, Evaluation of Semantic Annotation, OpenCyc},
}

@inproceedings{Mokarizadeh:2013:OAW:2480362.2480430,
 author = {Mokarizadeh, Shahab and K\"{u}ngas, Peep and Matskin, Mihhail},
 title = {Ontology acquisition from web service descriptions},
 booktitle = {Proceedings of the 28th Annual ACM Symposium on Applied Computing},
 series = {SAC '13},
 year = {2013},
 isbn = {978-1-4503-1656-9},
 location = {Coimbra, Portugal},
 pages = {325--332},
 numpages = {8},
 url = {http://doi.acm.org/10.1145/2480362.2480430},
 doi = {10.1145/2480362.2480430},
 acmid = {2480430},
 publisher = {ACM},
 address = {New York, NY, USA},
 keywords = {WSDL, clustering, ontology learning, web services},
}

@INPROCEEDINGS{6035578, 
author={Ling-li Xie and Fu-zan Chen and Ji-Song Kou}, 
booktitle={Industrial Engineering and Engineering Management (IE EM), 2011 IEEE 18Th International Conference on}, 
title={Ontology-based semantic web services clustering}, 
year={2011}, 
volume={Part 3}, 
pages={2075-2079}, 
keywords={Web services;knowledge representation languages;ontologies (artificial intelligence);pattern clustering;semantic Web;OWL-S language;Web service architecture;Web service discovery;concept semantic similarity;domain ontology hierarchy;ontology-based semantic Web services clustering;Algorithm design and analysis;Clustering algorithms;Ontologies;Process control;Semantic Web;Semantics;Web services;Ontology;Web service;Web service clustering;Web service similarity}, 
doi={10.1109/ICIEEM.2011.6035578},}

@INPROCEEDINGS{6321707, 
author={Gehao Lu and Tengfei Wang and Guojin Zhang and Shijin Li}, 
booktitle={World Automation Congress (WAC), 2012}, 
title={Semantic web services discovery based on domain ontology}, 
year={2012}, 
pages={1-4}, 
keywords={Semantic Web;Web services;domain ontology}, 
ISSN={2154-4824},}

@inproceedings{Lathem:2007:SMA:1304608.1306372,
 author = {Lathem, Jon and Gomadam, Karthik and Sheth, Amit P.},
 title = {{SA-REST and (S)mashups: Adding Semantics to RESTful Services}},
 booktitle = {Proceedings of the International Conference on Semantic Computing},
 series = {ICSC '07},
 year = {2007},
 isbn = {0-7695-2997-6},
 pages = {469--476},
 numpages = {8},
 url = {http://dx.doi.org/10.1109/ICSC.2007.79},
 doi = {10.1109/ICSC.2007.79},
 acmid = {1306372},
 publisher = {IEEE Computer Society},
 address = {Washington, DC, USA},
}

@inproceedings{Anyanwu:2005:SRC:1060745.1060766,
 author = {Anyanwu, Kemafor and Maduko, Angela and Sheth, Amit},
 title = {{SemRank: ranking complex relationship search results on the semantic web}},
 booktitle = {Proceedings of the 14th international conference on World Wide Web},
 series = {WWW '05},
 year = {2005},
 isbn = {1-59593-046-9},
 location = {Chiba, Japan},
 pages = {117--127},
 numpages = {11},
 url = {http://doi.acm.org/10.1145/1060745.1060766},
 doi = {10.1145/1060745.1060766},
 acmid = {1060766},
 publisher = {ACM},
 address = {New York, NY, USA},
 keywords = {SemRank, discovery query, path expression tree, ranking complex relationships, semantic Web, semantic associations search, semantic match, semantic ranking, semantic relationship search, semantic similarity, semantic summary},
}

@article{Arenas:2013:QSD:2430456.2430458,
 author = {Arenas, Marcelo and Gutierrez, Claudio and Miranker, Daniel P. and P{\'e}rez, Jorge and Sequeda, Juan F.},
 title = {Querying Semantic Data on the Web?},
 journal = {SIGMOD Rec.},
 issue_date = {December 2012},
 volume = {41},
 number = {4},
 month = jan,
 year = {2013},
 issn = {0163-5808},
 pages = {6--17},
 numpages = {12},
 url = {http://doi.acm.org/10.1145/2430456.2430458},
 doi = {10.1145/2430456.2430458},
 acmid = {2430458},
 publisher = {ACM},
 address = {New York, NY, USA},
} 

@inproceedings{Rocha:2004:HAS:988672.988723,
 author = {Rocha, Cristiano and Schwabe, Daniel and Aragao, Marcus Poggi},
 title = {A hybrid approach for searching in the semantic web},
 booktitle = {Proceedings of the 13th international conference on World Wide Web},
 series = {WWW '04},
 year = {2004},
 isbn = {1-58113-844-X},
 location = {New York, NY, USA},
 pages = {374--383},
 numpages = {10},
 url = {http://doi.acm.org/10.1145/988672.988723},
 doi = {10.1145/988672.988723},
 acmid = {988723},
 publisher = {ACM},
 address = {New York, NY, USA},
 keywords = {network analysis, ontologies, semantic associations, semantic search, semantic web, spread activation algorithms},
}

@inproceedings{Pinheiro:2010:QPT:1967486.1967532,
 author = {Pinheiro, Jo\~{a}o C. and Vidal, V\^{a}nia M. P. and Mac\^{e}do, Jos{\'e} A. F. and Sacramento, Eveline R. and Casanova, Marco A. and Porto, F\'{a}bio A. M.},
 title = {Query processing in a three-level ontology-based data integration system},
 booktitle = {Proceedings of the 12th International Conference on Information Integration and Web-based Applications \&\#38; Services},
 series = {iiWAS '10},
 year = {2010},
 isbn = {978-1-4503-0421-4},
 location = {Paris, France},
 pages = {283--290},
 numpages = {8},
 url = {http://doi.acm.org/10.1145/1967486.1967532},
 doi = {10.1145/1967486.1967532},
 acmid = {1967532},
 publisher = {ACM},
 address = {New York, NY, USA},
 keywords = {RDF, SPARQL, data integration, ontologies, query processing, schema mappings, semantic web},
}

@inproceedings{Sacramento:2012:DIL:2351476.2351496,
 author = {Sacramento, Eveline R. and Casanova, Marco A. and Breitman, Karin K. and Furtado, Antonio L. and de Mac\v{e}do, Jos{\'e} Antonio F. and Vidal, V\u{a}nia M. P.},
 title = {Dealing with inconsistencies in linked data mashups},
 booktitle = {Proceedings of the 16th International Database Engineering \&\#38; Applications Sysmposium},
 series = {IDEAS '12},
 year = {2012},
 isbn = {978-1-4503-1234-9},
 location = {Prague, Czech Republic},
 pages = {175--180},
 numpages = {6},
 url = {http://doi.acm.org/10.1145/2351476.2351496},
 doi = {10.1145/2351476.2351496},
 acmid = {2351496},
 publisher = {ACM},
 address = {New York, NY, USA},
 keywords = {constraint verification, data mashup, inconsistency, linked data},
} 

@article{Meij:2011:CCL:1988852.1988873,
 author = {Meij, Edgar},
 title = {Combining concepts and language models for information access},
 journal = {SIGIR Forum},
 issue_date = {June 2011},
 volume = {45},
 number = {1},
 month = may,
 year = {2011},
 issn = {0163-5840},
 pages = {80--80},
 numpages = {1},
 url = {http://doi.acm.org/10.1145/1988852.1988873},
 doi = {10.1145/1988852.1988873},
 acmid = {1988873},
 publisher = {ACM},
 address = {New York, NY, USA},
}

@book{Sheth:2012:SEW:2430682,
 author = {Sheth, Amit and Thirunarayan, Krishnaprasad},
 title = {Semantics Empowered Web 3.0: Managing Enterprise, Social, Sensor, and Cloud-based Data and Services for Advanced Applications},
 year = {2012},
 isbn = {1608457168, 9781608457168},
 publisher = {Morgan \& Claypool Publishers},
} 

@article{Wei:2011:SCE:2076814.2077188,
 author = {Wei, Dengping and Wang, Ting and Wang, Ji and Bernstein, Abraham},
 title = {{SAWSDL-iMatcher: A customizable and effective Semantic Web Service matchmaker}},
 journal = {Web Semant.},
 issue_date = {December, 2011},
 volume = {9},
 number = {4},
 month = dec,
 year = {2011},
 issn = {1570-8268},
 pages = {402--417},
 numpages = {16},
 url = {http://dx.doi.org/10.1016/j.websem.2011.08.001},
 doi = {10.1016/j.websem.2011.08.001},
 acmid = {2077188},
 publisher = {Elsevier Science Publishers B. V.},
 address = {Amsterdam, The Netherlands, The Netherlands},
 keywords = {Matching strategy, SAWSDL, Semantic Web Service discovery},
}

@INPROCEEDINGS{6494920, 
author={Nijjar, J. and Bultan, T.}, 
booktitle={Automated Software Engineering (ASE), 2012 Proceedings of the 27th IEEE/ACM International Conference on}, 
title={{Unbounded data model verification using SMT solvers}}, 
year={2012}, 
pages={210-219}, 
keywords={Internet;computability;program verification;software architecture;MVC pattern;SAT-based bounded verification;SMT solvers;Satisfiability Modulo Theories solver;Web applications;data model;formal data model;formula satisfiability;model-view-controller pattern;object class;object relational mapping;open-source rails applications;unbounded data model verification;verification query conversion;MVC frameworks;SMT solvers;Unbounded verification}, 
doi={10.1145/2351676.2351706},}

@inproceedings{Halle:2011:MSS:1989762.1990192,
 author = {Hall{\'e}, Sylvain},
 title = {{Model-Based Simulation of SOAP Web Services from Temporal Logic Specifications}},
 booktitle = {Proceedings of the 2011 16th IEEE International Conference on Engineering of Complex Computer Systems},
 series = {ICECCS '11},
 year = {2011},
 isbn = {978-0-7695-4381-9},
 pages = {95--104},
 numpages = {10},
 url = {http://dx.doi.org/10.1109/ICECCS.2011.17},
 doi = {10.1109/ICECCS.2011.17},
 acmid = {1990192},
 publisher = {IEEE Computer Society},
 address = {Washington, DC, USA},
 keywords = {model-driven development, web services, temporal logic},
} 

@inproceedings{Foster:2006:LTM:1134285.1134408,
 author = {Foster, Howard and Uchitel, Sebastian and Magee, Jeff and Kramer, Jeff},
 title = {{LTSA-WS: a tool for model-based verification of web service compositions and choreography}},
 booktitle = {Proceedings of the 28th international conference on Software engineering},
 series = {ICSE '06},
 year = {2006},
 isbn = {1-59593-375-1},
 location = {Shanghai, China},
 pages = {771--774},
 numpages = {4},
 url = {http://doi.acm.org/10.1145/1134285.1134408},
 doi = {10.1145/1134285.1134408},
 acmid = {1134408},
 publisher = {ACM},
 address = {New York, NY, USA},
 keywords = {BPEL4WS, WS-CDL, choreography, model-checking, web service compositions},
} 

@inproceedings{Klein:2011:FAV:2032305.2032348,
 author = {Klein, Uri and Namjoshi, Kedar S.},
 title = {{Formalization and automated verification of RESTful behavior}},
 booktitle = {Proceedings of the 23rd international conference on Computer aided verification},
 series = {CAV'11},
 year = {2011},
 isbn = {978-3-642-22109-5},
 location = {Snowbird, UT},
 pages = {541--556},
 numpages = {16},
 url = {http://dl.acm.org/citation.cfm?id=2032305.2032348},
 acmid = {2032348},
 publisher = {Springer-Verlag},
 address = {Berlin, Heidelberg},
} 

@misc{devops,
  title = {{DevOps}},
  howpublished = "\url{http://en.wikipedia.org/wiki/DevOps}",
  year = {2013},
  note = "[Online; accessed 27-September-2013]",
  key = "DevOps"
}

@misc{wso2apimgr,
  title = {{WSO2 API Manager}},
  howpublished = "\url{http://wso2.com/products/api-manager/}",
  year = {2013},
  note = "[Online; accessed 27-September-2013]",
  key = "WSO2 API Manager"
}

@misc{hl:swagger,
  title = {{Swagger: A simple, open standard for describing REST APIs with JSON}},
  howpublished = "\url{https://developers.helloreverb.com/swagger/}",
  note = "[Online; accessed 05-August-2013]",
  key = "Swagger"
}

@misc{github,
  title = {{GitHub}},
  howpublished = "\url{https://github.com/}",
  note = "[Online; accessed 14-October-2013]",
  key = "GitHub"
}
@misc{petals,
  title = {{Petals Master}},
  howpublished = "\url{http://petalsmaster.ow2.org/}",
  note = "[Online; accessed 14-October-2013]",
  key = "Petals Master",
}
@misc{eclipse-wspolicy,
  title = {{Eclipse SOA Policy Tools}},
  howpublished = "\url{http://www.eclipse.org/proposals/soa-policy-tools/}",
  note = "[Online; accessed 14-October-2013]",
  key = "Eclipse SOA Policy Tools",
}
@misc{soa.com,
  title = {{SOA.com Governance}},
  howpublished = "\url{http://www.soa.com/solutions/integrated_soa_governance}",
  note = "[Online; accessed 14-October-2013]",
  key = "SOA.com Governance"
}
@misc{soagovtools-oracle,
  title = {{Oracle SOA Governance Tools}},
  howpublished = "\url{http://www.oracle.com/technetwork/middleware/governance/index.html}",
  note = "[Online; accessed 14-October-2013]",
  key = "Oracle SOA Governance",
}
@misc{soagovtools-ibm,
  title = {{IBM SOA Governance Tools}},
  howpublished = "\url{http://www-01.ibm.com/software/solutions/soa/gov/products/}",
  note = "[Online; accessed 14-October-2013]",
  key = "IBM SOA Governance",
}
@misc{soagov,
  title = {{SOA Governance}},
  howpublished = "\url{http://www.opengroup.org/soa/source-book/gov/gov.htm}",
  note = "[Online; accessed 14-October-2013]",
  key = "SOA Governance"
}
@misc{ws-policy,
  title = {{WS-Policy}},
  howpublished = "\url{http://www.w3.org/Submission/WS-Policy/}",
  note = "[Online; accessed 14-October-2013]",
  key = "WS-Policy",
}
@misc{ws-security,
  title = {{WS-Security}},
  howpublished = "\url{http://docs.oasis-open.org/ws-sx/ws-securitypolicy/v1.3/errata01/os/ws-securitypolicy-1.3-errata01-os-complete.html}",
  note = "[Online; accessed 14-October-2013]",
  key = "WS-Security",
}
@misc{oasis-standards,
  title = {{OASIS Standards}},
  howpublished = "\url{https://www.oasis-open.org/standards}",
  note = "[Online; accessed 14-October-2013]",
  key = "OASIS Standards",
}
@misc{soagov2,
  title = {{SOA Governance Standard}},
  howpublished = "\url{http://www.opengroup.org/soa/source-book/gov/sgrm.htm}",
  note = "[Online; accessed 14-October-2013]",
  key = "SOA Governance Standard"
}
@misc{soagovtools,
  title = {{WSO2 SOA Governance Registry}},
  howpublished = "\url{http://wso2.com/products/governance-registry/}",
  note = "[Online; accessed 14-October-2013]",
  key = "WSO2 SOA Governance Registry",
}
@techreport{api-sim-tr-13,
	author={Hiranya Jayathilaka, Chandra Krintz, Rich Wolski},
	title={Towards Automatically Estimating Porting Effort Between Web Service APIs},
	number={UCSB-CS-2013-08},
	institution={Computer Science Department of the University of California, Santa Barbara},
	address={Santa Barbara, CA 93106},
	month={October},
	year={2013}
}
@inproceedings{sirer02,
 author = {E. Sirer and K. Wang},
 title = {{An Access Control Language for Web Services}},
 booktitle = {SECMAT},
 year = {2002},
} 
@article{bunchJGF12,
 author = {C. Bunch and B. Drawert and N. Chohan and C. Krintz and L. Petzold and K. Shams},
 title = {{Language and Runtime Support for Automatic Configuration and Deployment of Scientific Computing Software over Cloud Fabrics}},
 journal = {Grid Computing: Special Issue on Data Intensive Clouds},
 volume = {10},
 number = {1},
 year = {2012},
 pages = {23--46},
 }
@misc{synapse,
  title = {{Apache Synapse}},
  howpublished = "\url{https://synapse.apache.org/}",
  note = "[Online; accessed 25-March-2014]",
  key = "Apache Synapse",
}
@misc{hive,
  title = {{Apache Hive}},
  howpublished = "\url{https://hive.apache.org/}",
  note = "[Online; accessed 25-March-2014]",
  key = "Apache Hive",
}
@misc{mysql,
  title = {{MySQL}},
  howpublished = "\url{http://www.mysql.com/}",
  note = "[Online; accessed 25-March-2014]",
  key = "MySQL",
}
@misc{greenbutton,
  title = {{Department of Energy Green Button Intiative}},
  howpublished = "\url{http://energy.gov/data/green-button}",
  note = "[Online; accessed 25-March-2014]",
  key = "Department of Energy Green Button Intiative",
}
@misc{opencv,
  title = {{Open Source Computer Vision Library (OpenCV}},
  key = {{Open Source Computer Vision Library (OpenCV}},
  howpublished = "\url{http://opencv.org/}",
  note = "[Online; accessed 25-March-2014]",
}
@inproceedings{stochss14,
 author = {C. Horuk and G. Douglas and A. Gupta and C. Krintz and B. Bales and G. Bellesia and B. Drawert and R. Wolski and L. Petzold and A. Hellander},
 title = {{Automatic and Portable Cloud Deployment for Scientific Simulations}},
 booktitle = {In submission, contact C. Krintz for a copy},
 year = {2014},
} 

@misc{soagovstandard,
   key = "soagovernance",
   title = {{SOA Governance Technical Standard} -- \url{http://www.opengroup.org/soa/source-book/gov/intro.htm}},
}

@misc{soagovsoftware,
  key = "soagovernanceplatform",
  title = {{RedHat and JBoss SOA Governance} -- \url{http://www.soa.com/solutions/jboss/jboss_soa_governance/}}
}

@misc{3scale,
  key = "3scale",
  title = {{Free and Enterprise API Management Platform and Infrastructure by 3scale} -- \url{http://www.3scale.net}}
}

@misc{ieeeapis,
  key = "ieeeapis",
  title = {{IEEE Xplore Search Gateway} -- \url{http://ieeexplore.ieee.org/gateway/}}
}

@misc{pweb,
  key = "pweb",
  title = {{ProgrammableWeb} -- \url{http://www.programmableweb.com}}
}

@misc{whmemo,
  key = "whmemo",
  title = {{Presidential Memorandum - Building a 21st Century Digital Government} -- \url{http://www.whitehouse.gov/the-press-office/2012/05/23/presidential-memorandum-building-21st-century-digital-government}}
}

@misc{ucbapis,
  key = "ucbapis",
  title = {{Berkeley API Central} -- \url{https://developer.berkeley.edu}}
}

@misc{whitehouseapis,
  key = "whitehouseapis",
  title = {{Agency Application Programming Interfaces} -- \url{http://www.whitehouse.gov/digitalgov/apis}}
}

@misc{apigee,
   key = "apigee",
   title = {{Enterprise API Management and API Strategy} -- \url{http://apigee.com/about/}},
}

@misc{layer7,
   key = "layer7",
   title = {{Enterprise API Management - Layer 7 Technologies} -- \url{http://www.layer7tech.com}},
}

@misc{mashery,
   key = "mashery",
   title = {Mashery -- \url{http://www.mashery.com}},
}

@misc{wso2am,
   key = "wso2am",
   title = {{WSO2 API Manager} -- \url{http://wso2.com/products/api-manager/}},
}

@misc{pweb_growth,
   key = "pweb_growth",
   title = {{ProgrammableWeb Blog} -- \url{http://blog.programmableweb.com/2013/04/30/9000-apis-mobile-gets-serious/}},
}

@misc{oauth2,
   key = "oauth2",
   title = {{OAuth 2.0} -- \url{http://oauth.net/2/}},
}

@misc{maven,
   key = "maven",
   title = {{Apache Maven} -- \url{http://maven.apache.org}},
}

@misc{jaxrs,
   key = "jaxrs",
   title = {{JSR311 - The Java API for RESTful Web Services} -- \url{https://jcp.org/aboutJava/communityprocess/final/jsr311/}},
}

@misc{swagger,
   key = "swagger",
   title = {{Swagger - A simple, open standard for describing REST APIs with JSON} -- \url{https://helloreverb.com/developers/swagger}},
}

@misc{vagrant,
   key = "vagrant",
   title = {Vagrant -- \url{http://www.vagrantup.com}},
}

@misc{WSPolicy,
  author = {Vedamuthu, Asir S and Orchard, David and Hirsch, Frederick and
Hondo, Maryann and Yendluri, Prasad and Boubez, Toufic and Yalcinalp, Umit},
  month = {September},
  title = {Web Services Policy Framework (WSPolicy)},
  url = {http://www.w3.org/TR/ws-policy},
  year = 2007
}

@misc{hl:wadl,
  title = {{Web Application Description Language}},
  howpublished = "\url{http://www.w3.org/Submission/wadl/}",
  year = {2013},
  note = "[Online; accessed 27-September-2013]",
  key = "WADL"
}

@inproceedings{Steiner:2011:FHC:1967428.1967433,
 author = {Steiner, Thomas and Algermissen, Jan},
 title = {Fulfilling the Hypermedia Constraint via HTTP OPTIONS, the HTTP Vocabulary in RDF, and Link Headers},
 booktitle = {Proceedings of the Second International Workshop on RESTful Design},
 series = {WS-REST '11},
 year = {2011},
 isbn = {978-1-4503-0623-2},
 location = {Hyderabad, India},
 pages = {11--14},
 numpages = {4},
 url = {http://doi.acm.org/10.1145/1967428.1967433},
 doi = {10.1145/1967428.1967433},
 acmid = {1967433},
 publisher = {ACM},
 address = {New York, NY, USA},
 keywords = {HATEOAS, HTTP, REST, constraint, hypermedia},
} 

